3212 5100
259 445 298 503 24
795 462 809 503 r.
828 461 851 502 n.
868 459 956 511 aanor:
1422 430 1510 502 (26)

360 595 384 645 2.
404 590 663 655 Folia-mediocria,
683 589 946 653 dentato-serrata,
966 599 1046 654 cyma
1064 581 1131 636 folio
1150 582 1277 650 brevior,
1295 583 1427 636 bracteae
1447 599 1510 636 an-

257 679 443 751 gustissimae.
463 704 497 715 -
516 674 642 748 Pragael
662 672 820 744 Petropolii
1102 751 1104 754 Ι

358 769 440 820 Hanc
459 767 574 820 formam
591 767 621 818 Ρ.
642 767 680 818 M.
701 766 784 834 Opiz
804 765 854 817 sub
873 762 982 816 nomine
1006 759 1038 814 T.
1056 759 1227 830 emylifolioe
1244 759 1332 810 Host
1350 757 1511 838 distribuit,

258 859 331 925 quod
350 871 433 924 quum
451 854 554 907 falsum
573 858 638 921 est,
667 853 752 906 etiam
779 853 807 904 in
833 851 957 920 ejusdem
985 852 1120 920 „sennam
1138 849 1268 918 kreteny
1288 845 1390 902 cesa&
1408 867 1437 918 p.
1457 849 1510 915 96,

257 945 310 998 hcc
327 958 426 996 nomen
445 945 647 996 emendandum
667 941 727 994 erit.

359 1066 384 1116 3.
403 1066 539 1116 Bracteae
558 1065 652 1132 plures
682 1080 763 1132 cyma
790 1064 936 1116 breviores.
967 1089 999 1114 -.-
1027 1063 1060 1116 In
1079 1042 1194 1114 Finrual
1220 1063 1336 1130 specim.
1352 1059 1381 1114 in
1408 1077 1511 1116 museo

255 1151 394 1206 'Beroliml

700 1289 1052 1346 ABODEWG..

360 1437 383 1487 l.
407 1433 444 1487 Τ.
461 1431 551 1504 solio
575 1433 708 1486 minore
733 1435 759 1487 J.
779 1434 884 1486 Baub.
913 1433 978 1486 hist.
998 1436 1088 1501 plant.
1113 1433 1160 1485 lib.
1181 1435 1205 1489 8.
1227 1448 1286 1500 cap.
1309 1436 1332 1485 l.
1352 1461 1387 1470 —
1407 1433 1511 1498 „Folia

172 1539 174 1542 ·
257 1524 344 1576 multo
363 1527 470 1576 minora
488 1525 524 1576 ad
543 1523 663 1575 Betulae
682 1522 846 1577 accedentia
860 1540 913 1574 non
926 1524 1049 1590 hirsuta,
1067 1523 1185 1575 firmiora
1203 1521 1389 1590 rigidioraque
1408 1523 1512 1590 (quam

264 1610 294 1664 T.
312 1611 440 1680 oolyaris
454 1609 659 1680 platyphyltos)
693 1649 700 1665 .
728 1649 736 1664 .
766 1651 773 1665 .
805 1611 910 1665 fructus
930 1609 1028 1680 parvi,
1050 1609 1168 1674 hirsuti,
1188 1611 1332 1680 angulosi,
1350 1617 1383 1663 ut
1401 1611 1429 1663 in
1448 1612 1512 1664 alia

271 1737 279 1752 .
307 1737 313 1751 .
337 1724 345 1738 ·
381 1700 475 1752 florem
494 1700 554 1752 edit
570 1697 703 1753 tard,'rus.“

361 1823 385 1875 2.
408 1819 445 1872 Τ.
462 1817 659 1888 porcisolr‘o
678 1821 779 1875 Ebrh.
808 1837 833 1886 γ.
864 1817 1068 1872 intermedia
1086 1822 1218 1875 Tausoh
1238 1821 1306 1886 (non
1324 1821 1456 1888 Hayne)
1478 1819 1510 1873 in

260 1907 341 1977 Opiz
361 1905 512 1977 „Sennam“
532 1927 559 1978 p.
580 1910 622 1962 97.
651 1935 686 1946 -
713 1912 738 1966 J.
759 1912 829 1972 Ott,
853 1909 971 1978 Oatalog
991 1911 1040 1961 der
1058 1911 1140 1962 Flora
1161 1911 1301 1962 Btlrmens
1320 1907 1367 1961 Nr.
1387 1909 1450 1962 270.
1470 1933 1511 1946 ·-

259 1998 340 2051 Item.
361 2025 395 2033 -·
413 1997 538 2062 Pragael
558 2025 592 2034 -
615 1999 718 2066 Origin.
739 1998 766 2050 in
785 1999 862 2051 herb.
883 1996 1034 2051 Tauschl

226 2175 227 2180 ,
360 2123 385 2172 3.
408 2117 444 2171 Τ.
455 2117 654 2188 parvisole’a
670 2120 767 2172 Ehrh.
786 2119 815 2172 in
833 2121 864 2173 F.
884 2121 1056 2188 Schmidt,
1076 2121 1198 2173 Oesterr.
1218 2120 1386 2190 allgemeine
1399 2121 1510 2172 Baum-

258 2209 357 2273 maht,
378 2208 426 2261 IV.
447 2213 467 2261 t.
488 2209 549 2263 225.
571 2235 602 2244 -
623 2210 703 2261 Item.
1178 2236 1183 2244 ·

359 2331 385 2382 4.
404 2328 483 2382 Folia
501 2345 622 2398 magna,
641 2329 751 2398 oblique
772 2333 903 2398 cordata,
922 2332 1038 2382 bractea
1059 2331 1164 2398 longa,
1184 2345 1292 2397 cymam
1312 2331 1507 2396 subaequans;

258 2436 317 2472 nux
336 2420 757 2474 brunnen-villoso-tomentosa.
790 2447 822 2456 —
853 2421 886 2472 In
913 2420 1041 2472 herbario
1060 2420 1074 2470 J
1082 2419 1202 2486 acquin
1226 2435 1288 2470 cum
1306 2415 1509 2471 adnotatione:

259 2507 374 2574 „Rarius
404 2509 525 2562 occurrit
551 2509 687 2562 silvestris
715 2510 743 2562 in
762 2507 909 2560 Austria..
937 2545 944 2559 .
974 2547 981 2562 .
1013 2509 1047 2562 In
1068 2507 1184 2561 Austria
1203 2509 1279 2562 ultra
1298 2509 1332 2560 30
1351 2523 1438 2560 annos
1456 2505 1510 2562 vix

258 2593 362 2650 durat.
390 2633 398 2651 .
427 2589 465 2650 .“
484 2599 557 2665 quod
577 2614 641 2649 vero
660 2599 820 2666 negandum
838 2601 890 2648 est.

578 2823 581 2828 ,
690 2763 1065 2820 AB*CDEF*G..

361 2907 385 2958 l.
409 2904 446 2959 Τ.
462 2904 659 2975 parvtfolla
676 2907 774 2960 Ehrh.
794 2925 852 2962 var.
866 2907 1049 2960 curtemaim
1068 2910 1102 2960 A.
1121 2906 1250 2960 Braunl
1271 2907 1404 2962 -.Folia
1418 2924 1508 2978 parva

259 2996 286 3060 (l
296 2992 346 3060 ’Μ
364 2997 433 3058 lata,
461 2998 497 3049 2¹¹
524 2996 637 3065 longa),
666 3002 768 3066 argute
796 3003 918 3062 serrata,
951 2997 1035 3068 longe
1054 2997 1220 3050 acuminata.
1249 3025 1283 3035 —
1303 2997 1450 3050 Caucasus.
1470 3023 1506 3034 -

153 3147 155 3150 Ι
259 3085 335 3154 Orig.
354 3081 381 3136 in
400 3101 494 3138 museo
513 3084 623 3138 Berobl

360 3207 385 3260 2.
405 3206 483 3259 Folia
501 3207 666 3275 mediocria,
695 3207 754 3261 basi
778 3212 915 3277 producta
942 3213 991 3260 aut
1019 3208 1129 3276 oblique
1148 3212 1298 3275 truncata3
1328 3223 1410 3276 cyma
1439 3206 1506 3260 folio

258 3295 384 3364 brevior,
403 3298 519 3350 bractea
537 3302 666 3368 angusta.
686 3325 718 3333 —
738 3297 768 3350 In
789 3315 892 3352 summo
910 3297 1012 3350 montis
1031 3299 1066 3349 ad
1085 3295 1183 3365 Topek
1201 3291 1334 3367 Bogastil

573 3503 608 3578 2.
636 3502 729 3579 lilia
751 3501 1197 3603 parvilolia-grondilolio.

359 3677 467 3732 Foliis
479 3676 573 3743 firmis,
592 3677 738 3747 glabris,
756 3693 818 3729 raro
831 3676 935 3745 pilosis,
946 3679 1043 3730 subtus
1062 3675 1296 3730 concoloribus
1315 3683 1366 3728 aut
1380 3675 1506 3744 pallide-

257 3768 402 3830 viridibus,
421 3767 613 3822 fasciculorum
633 3783 760 3820 vasorum
779 3766 890 3835 angulis
909 3766 1204 3834 pallide-barbatis.
1223 3763 1506 3818 Infloresoentia

258 3859 416 3926 multiflora,
435 3857 605 3926 pendula,
625 3857 819 3924 pedunculo
836 3854 980 3908 omnium
999 3855 1058 3908 basi
1070 3857 1231 3924 plerumque
1245 3853 1342 3918 nudo,
1361 3853 1504 3906 rarissime

258 3947 350 4014 alato,
375 3948 509 3999 corolla
528 3946 737 4017 explanatas
762 3943 956 3998 filamentis
976 3943 1035 3996 basi
1054 3943 1176 3996 liberis
1195 3948 1245 3994 aut
1264 3940 1405 4010 adelphis,
1425 3958 1503 3994 sae-

258 4036 336 4105 pius
349 4036 488 4088 nonnullis
504 4033 684 4102 dilatatis,
704 4035 799 4104 stylo
814 4039 877 4103 post
890 4033 1018 4086 anthesin
1032 4033 1193 4102 plerumque
1213 4031 1240 4082 el
1253 4036 1398 4100 ongato3
1417 4047 1504 4083 nuce

259 4113 444 4191 corticosa,
464 4121 668 4191 subfragili,
686 4121 843 4192 regulari
866 4125 910 4175 vel
930 4120 1045 4176 nucibus
1069 4119 1099 4172 T.
1108 4119 1282 4190 porotfoltae
1301 4126 1331 4171 et
1345 4116 1503 4189 fflyroadi-

253 4213 342 4282 sotlao
353 4211 484 4278 mixtis,
503 4212 609 4264 lineata
622 4211 670 4286 rel¹
681 4212 831 4278 costulata,
844 4227 906 4264 raro
917 4213 998 4266 laevi.
1009 4210 1163 4266 Ramulis
1178 4208 1341 4278 petiolisque
1358 4209 1502 4277 glaber-

257 4302 365 4368 rimis,
384 4299 521 4352 rarissime
540 4301 765 4369 pubescentibus.
