3212 5100
806 461 821 502 l.
838 460 862 501 N.
878 460 965 511 unser:

300 587 347 642 ll*
366 587 574 642 lriflorescentia
593 585 657 640 lolio
676 585 791 654 longior.

301 676 347 732 F*
366 680 487 730 Bractea
507 673 709 728 inflorescentia
731 673 846 742 longior.

300 763 350 816 G*
370 764 479 817 Romuli
499 781 559 816 cum
582 761 693 832 petiolis
712 765 902 830 pubescentes.

300 853 352 906 fl*
371 853 469 923 Stylus
488 853 548 906 basi
568 852 680 920 pilosus.

309 939 345 991 1*
363 943 481 994 Fructus
499 941 638 1009 globosus.

367 1029 390 1082 lt
409 1027 612 1082 mutationibus
630 1029 729 1082 harum
749 1027 781 1079 l8
801 1030 931 1080 notarum
949 1025 1074 1080 oriuntur
1093 1029 1145 1082 256
1165 1028 1335 1084 variationes
1348 1045 1396 1084 seu
1409 1029 1522 1082 formae

266 1116 415 1185 cujuslibet
434 1115 551 1184 speciei,
570 1115 818 1168 modificationibus
837 1114 948 1184 exigius
967 1116 1028 1168 aliis
1051 1115 1164 1169 omissis.

368 1206 430 1258 Hae
450 1213 534 1258 notae
554 1205 722 1268 artificiales,
741 1209 774 1255 ut
786 1203 827 1256 ita
840 1204 939 1270 dicam,
958 1221 1133 1273 nequaquam
1153 1222 1263 1274 semper
1282 1209 1351 1258 adeo
1365 1207 1521 1258 distinctae

265 1299 345 1360 sunt,
377 1299 410 1346 ut
437 1309 517 1346 omne
546 1294 658 1352 dubium
686 1292 807 1360 tollant3
845 1298 1014 1362 quapropter
1039 1295 1185 1346 medium
1214 1293 1345 1346 numeri
1372 1292 1520 1362 majoris

266 1385 461 1436 tenendum
481 1385 542 1434 est.

366 1471 479 1522 Dantur
508 1474 601 1522 tamen
627 1470 759 1536 regulae,
786 1467 885 1537 quibus
913 1469 1086 1537 observatis,
1112 1472 1264 1523 secundum
1290 1471 1401 1523 schema
1428 1484 1519 1538 supra

265 1557 435 1627 propositum
453 1557 556 1610 formae
576 1557 710 1626 plurimae
730 1556 907 1631 determinari
925 1563 1048 1624 possunt.

769 1735 805 1784 A.
825 1731 1008 1784 Bracteae.

368 1853 392 1904 l.
413 1852 529 1913 Quando
557 1854 673 1905 bractea
693 1867 822 1920 suprema
849 1852 891 1905 sui
916 1851 1015 1904 ramuli
1034 1857 1078 1904 est
1096 1852 1249 1922 petiolata‚
1268 1869 1361 1906 omnes
1380 1857 1516 1907 bracteae

259 1926 334 1993 sunt
352 1940 526 2009 petiolata03
558 1941 593 1998 (si
620 1946 716 1992 autem
743 1941 858 1992 bractea
886 1954 1013 2009 suprema
1042 1947 1086 1994 est
1111 1940 1228 2010 sessilis,
1259 1941 1401 1996 inferiores
1420 1951 1518 1996 tamen

266 2028 422 2098 petiolatae
444 2043 503 2080 esse
522 2026 659 2096 possunt).

367 2117 391 2168 2.
410 2115 509 2168 Rarius
528 2117 658 2186 bracteae
677 2130 820 2183 supremae
840 2119 870 2167 et
887 2101 996 2168 infimae
1015 2117 1096 2169 unius
1114 2109 1213 2171 ramuli
1226 2119 1344 2186 sessiles,
1359 2125 1388 2171 et
1406 2117 1517 2170 mediae

266 2203 421 2272 petiolatae
441 2208 514 2256 sunt.

366 2293 390 2344 3.
412 2292 503 2360 Saepe
513 2293 627 2345 bractea
644 2307 772 2361 suprema
785 2298 828 2345 est
841 2291 959 2360 sessilis,
976 2291 1100 2361 reliquae
1113 2309 1177 2346 vero
1191 2309 1224 2345 eo
1236 2293 1344 2363 longius
1357 2293 1515 2361 petiolatae

265 2385 351 2446 sunt,
370 2396 422 2448 quo
441 2379 553 2450 propius
572 2383 607 2432 ad
627 2380 707 2433 basin
726 2383 870 2434 accedunt.

367 2468 392 2520 4.
411 2469 551 2520 Bracteae
575 2464 667 2520 Titiae
681 2467 856 2536 parndfolc'ac
875 2482 982 2534 semper
1000 2473 1031 2519 et
1050 2469 1194 2520 evidenter
1212 2467 1382 2537 petiolatae,
1415 2465 1445 2519 T.
1466 2484 1515 2519 ar·

265 2563 374 2626 prateae
404 2561 433 2608 et
460 2557 559 2625 nigrae
585 2572 646 2610 raro
675 2557 849 2625 petiolatae,
885 2553 916 2606 T.
935 2549 1124 2624 grandifoliae
1143 2563 1193 2607 aut
1211 2555 1363 2624 petiolatae
1382 2562 1431 2608 aut
1450 2573 1514 2608 ses-

265 2645 328 2698 siles
352 2649 425 2698 sunt.
1428 2643 1430 2648 ’

368 2734 393 2785 5.
411 2733 614 2802 Respiciendae
634 2749 700 2802 ergo
720 2739 784 2784 sunt
802 2735 934 2785 bracteae
952 2732 1085 2784 mediae
1103 2733 1200 2785 ramuli
1220 2730 1298 2801 quasi
1317 2735 1463 2799 normales,
1483 2739 1516 2784 et

266 2824 287 2874 si
306 2819 365 2873 fieri
384 2821 494 2888 quidem
512 2827 621 2888 potest,
641 2821 759 2891 plurium
777 2823 950 2873 ramulorum.

370 2909 459 2970 Quum
486 2911 693 2964 observationes
718 2909 946 2962 contradictoriae
973 2910 1028 2962 hac
1057 2911 1091 2962 de
1118 2925 1148 2961 re
1171 2909 1311 2976 hucusque
1338 2908 1432 2962 factae
1458 2926 1514 2961 non

266 2996 418 3065 sufficiant,
439 3013 499 3050 eum
518 2999 676 3052 auctoribus
696 2999 889 3052 celebrioribus
898 2999 921 3063 ¹)
946 2996 1084 3066 distinguo
1113 2997 1215 3050 formas
1235 2998 1354 3051 bracteis
1373 2997 1516 3065 petiolatis

267 3102 284 3137 a
301 3085 395 3139 formis
415 3088 534 3140 bracteis
554 3088 709 3154 sessilibus‚
728 3104 856 3157 ponoque
877 3103 924 3139 eas
942 3087 970 3138 in
990 3087 1131 3138 schemate
1149 3086 1234 3153 primo
1254 3085 1330 3151 loco,
1348 3087 1413 3154 quia
1431 3085 1516 3137 facil-

267 3173 332 3226 lime
351 3173 436 3227 oculis
456 3175 660 3244 percipiuntur,
681 3181 711 3228 et
729 3175 793 3243 quia
811 3177 918 3227 nullum
938 3175 1076 3243 specimen
1095 3175 1164 3226 utile
1183 3174 1238 3227 illis
1257 3191 1351 3227 carere
1370 3182 1472 3244 potest.

717 3352 750 3403 Β.
776 3349 949 3402 Foliorum
967 3347 1068 3404 basis.

370 3472 393 3522 l.
413 3471 521 3524 Folium
551 3488 705 3541 supremum
735 3471 901 3524 ramulorum
931 3473 1109 3541 plerumque,
1139 3475 1174 3525 ad
1201 3473 1291 3525 lucem
1318 3475 1457 3539 tendens,
1486 3471 1514 3524 in

267 3558 371 3628 petiole
390 3559 473 3629 longo
493 3561 674 3628 elongatum,
703 3560 764 3613 basi
794 3563 973 3612 rotundatum
1001 3566 1051 3612 aut
1078 3564 1236 3612 truncatum
1254 3567 1304 3612 aut
1322 3562 1371 3615 vix
1390 3561 1514 3630 emargi-

267 3653 364 3700 natum
384 3653 435 3700 est.

371 3737 395 3790 2.
415 3735 493 3788 Folia
510 3735 603 3788 infima
619 3737 786 3788 ramulorum
805 3736 984 3804 plerumque,
1012 3737 1074 3789 luce
1102 3735 1232 3806 privata,
1260 3736 1389 3803 minima,
1418 3737 1516 3790 brevia

269 3831 299 3878 et
316 3825 435 3889 latiora,
456 3825 517 3876 basi
536 3827 703 3876 subcordata
721 3829 796 3876 sunt.
1463 3883 1470 3896 .

370 3915 395 3965 3.
414 3911 492 3965 Folia
510 3912 604 3964 media
620 3910 747 3980 perlecta
766 3914 959 3981 completaque
978 3917 1112 3980 tanquam
1141 3911 1311 3965 normalis
1338 3917 1373 3965 et
1392 3911 1514 3980 typica

269 3997 435 4052 considerari
453 4007 588 4066 possunt3
604 4005 774 4068 quapropter
792 4000 820 4052 in
838 4002 890 4054 hoc
909 4002 1051 4054 schemate
1062 3987 1201 4072 nunquam
1213 4001 1328 4054 aliorum
1339 4001 1394 4056 nisi
1406 3999 1515 4055 medio-

268 4105 328 4141 rum
345 4085 448 4140 mentio
466 4087 523 4138 fiet.
731 4089 735 4096 '

1176 4247 1201 4282 l
1212 4239 1214 4244 .

348 4264 363 4332 ¹)
380 4269 546 4328 eontspc'cn,
562 4275 668 4320 Gren.et
684 4269 894 4330 sarmaciola,
911 4277 981 4320 Host.
