3212 5100
96 451 157 525 (9)
563 477 703 532 llonograpbia
717 477 779 520 illinc
794 479 879 530 generis.
1060 533 1062 539 Α
1323 461 1341 516 7

199 601 297 655 Donec
328 617 365 656 ex
389 618 446 655 una
467 601 615 654 formarum
635 602 707 655 serie
734 603 844 656 unicum
870 603 958 658 solum
986 605 1123 674 specimen
1153 609 1181 662 in
1209 607 1343 663 berberiis

95 698 193 745 notum
212 696 273 757 est,
300 690 445 760 diagnosin
463 707 628 761 componere
650 706 704 743 non
723 697 768 745 est
785 691 909 746 difficile:
931 697 1124 762 quandovero
1151 696 1343 765 eregionibus

96 785 129 833 et
147 780 226 832 terris
257 778 440 848 compluribus
468 779 674 833 diversissimae
701 779 805 833 formae
827 781 1017 850 colliguntur,
1044 782 1110 838 lites
1129 786 1163 837 de
1181 782 1344 852 quaestione

95 870 188 922 bonae
206 871 253 922 vel
271 869 363 922 malae
383 867 483 938 speciei
502 885 642 937 nunquam
660 869 718 920 fere
737 877 946 936 componuntur.

199 957 228 1010 Si
260 957 365 1025 species
397 954 599 1009 variationibus
626 956 720 1009 multis
759 956 897 1010 obnoxiae
923 958 1131 1014 characteribus
1158 960 1345 1014 artificialibus

98 1046 312 1111 describuntur,
331 1061 460 1098 numerus
479 1061 573 1097 earum
592 1050 644 1097 aut
655 1059 740 1113 supra
749 1048 859 1098 modum
872 1055 1004 1116 angetur,
1018 1053 1069 1100 aut
1080 1047 1192 1102 nimium
1204 1049 1344 1102 minuitur.

97 1134 249 1186 Plurimum
278 1130 388 1201 quidem
416 1136 580 1202 prodesset,
610 1136 632 1184 si
660 1132 863 1187 innumerarum
892 1136 1005 1203 generis
1030 1132 1174 1204 cujusdam
1198 1137 1345 1190 formarum

95 1227 160 1274 rete
179 1221 207 1273 iu
224 1228 320 1290 partes
338 1223 483 1275 naturales
501 1223 544 1274 ita
561 1221 689 1276 distribui
707 1227 821 1291 posset,
839 1228 872 1274 ut
890 1224 944 1276 hae
962 1223 1094 1278 limitibus
1113 1229 1213 1277 exacte
1231 1226 1346 1277 circum-

97 1309 221 1377 scriptae
239 1309 343 1378 species
369 1312 457 1363 bonas
483 1310 669 1363 exhiberent:
693 1313 743 1364 aed
774 1327 829 1365 nou
857 1311 961 1366 sufficit
987 1313 1180 1384 terminclogia
1210 1318 1246 1367 ad
1273 1313 1346 1366 tales

99 1403 252 1467 conceptus
270 1397 362 1452 verbis
382 1397 586 1467 exprimendos.

202 1486 290 1540 Tiliae
309 1486 557 1541 innumerabilibus
574 1489 702 1558 gandent
720 1487 815 1545 formis
826 1493 856 1542 ct
867 1488 1069 1544 varietatibus:
1087 1485 1346 1558 quaerituritaque,

99 1576 237 1641 quomodo
260 1573 327 1626 illae
345 1573 538 1630 tractandae?
562 1592 634 1644 quae
661 1577 696 1628 ad
725 1591 809 1628 unam
836 1575 957 1646 speciem
982 1574 1170 1631 referendae?
1197 1580 1247 1629 aut
1274 1591 1346 1644 quae
1374 1608 1379 1613 ·

99 1679 217 1732 prorsus
230 1664 418 1734 negligendae
437 1663 517 1718 sint?

158 1737 164 1746 ¹
202 1751 232 1805 Si
250 1771 266 1805 e
285 1751 354 1806 serie
373 1753 520 1806 formarum
538 1750 757 1805 transitoriarum
775 1749 885 1806 unicum
904 1754 990 1807 solum
1018 1754 1165 1824 specimen,
1197 1751 1347 1805 confinibus

99 1838 214 1906 ignotis,
233 1841 320 1894 oculis
347 1841 480 1903 obvenit,
507 1839 612 1910 species
642 1843 716 1894 bona
740 1842 916 1910 agnoscitur;
941 1840 1048 1896 lacunis
1072 1848 1166 1895 autem
1184 1839 1299 1910 repletis
1318 1843 1348 1890 et

100 1926 171 1978 serie
191 1926 303 1996 integra
321 1928 415 1997 facta,
435 1929 541 1998 species
561 1929 729 1983 dilabuntur.

204 2018 282 2078 Quae
301 2033 384 2085 quum
401 2017 442 2069 ita
460 2017 534 2084 sint,
560 2035 614 2070 non
634 2017 776 2085 sequitur,
803 2017 904 2070 formas
932 2023 962 2070 et
987 2016 1155 2070 variationes
1176 2032 1236 2068 esse
1255 2013 1349 2082 negli-

100 2105 227 2172 gendas:
246 2103 369 2158 Scientia
385 2105 473 2158 labori
490 2111 521 2158 ct
540 2107 631 2158 studio
650 2112 705 2158 non
724 2103 800 2158 sistit
816 2106 907 2158 finem.

204 2191 233 2245 si
252 2191 356 2246 formae
374 2199 555 2246 nascerentur
573 2210 684 2246 numero
704 2193 849 2259 infinitae,
878 2198 909 2246 et
927 2191 985 2245 sine
1003 2191 1097 2244 ordine
1116 2196 1146 2243 et
1163 2191 1243 2259 lege,
1260 2204 1349 2258 quae-

1 2301 3 2310 >
103 2276 176 2332 libet
195 2280 303 2348 species
321 2280 393 2334 falsa
411 2285 487 2335 esset
504 2282 604 2350 imago.
643 2281 733 2341 Quum
751 2285 846 2333 autem
864 2281 1015 2334 secundum
1033 2279 1067 2332 cl.
1086 2279 1225 2333 Darwin
1255 2293 1350 2330 omnes

102 2363 207 2417 formae
226 2385 242 2418 e
260 2368 415 2422 variatione
440 2371 589 2439 figurarum
608 2367 768 2438 partialium
786 2367 868 2420 unius
894 2366 1043 2437 organismi
1061 2372 1231 2430 nascuntur,
1257 2380 1349 2416 earum

102 2468 235 2507 numerus
254 2460 299 2508 est
318 2459 457 2526 definitus,
476 2462 594 2528 suntque
608 2456 751 2526 subjectae
763 2455 850 2509 ordini
871 2460 900 2508 et
917 2455 974 2524 legi
983 2470 992 2508 τἸ
1009 2470 1075 2524 ergo
1090 2454 1174 2506 etiam
1186 2451 1215 2504 in
1228 2450 1351 2504 ordinem

102 2541 193 2611 redigi
211 2551 335 2612 possunt.
1281 2527 1289 2556 '

207 2631 389 2690 Quaerendae
408 2635 494 2701 igitur
513 2640 579 2688 sunt
605 2635 672 2688 illae
697 2638 809 2704 partes,
840 2649 956 2702 quarum
981 2633 1074 2700 figura
1100 2628 1271 2682 constantior
1296 2633 1349 2693 est,

105 2721 136 2768 et
155 2734 270 2786 quarum
288 2723 492 2788 permutatione
510 2724 597 2776 forma
616 2724 752 2790 quaedam
772 2721 921 2790 peculiaris
939 2717 1126 2774 constituitur.

206 2807 264 2859 Sex
273 2791 371 2861 'Tiliae
390 2817 486 2879 partes
506 2816 585 2870 sunt,
606 2810 704 2878 quihus
723 2809 783 2880 ejus
803 2810 908 2880 species
927 2814 957 2861 et
975 2808 1079 2862 formae
1098 2806 1304 2860 discernuntur:

205 2895 305 2961 Folia,
322 2896 422 2950 ramuli
441 2915 502 2952 cum
520 2897 651 2966 petiolis,
670 2898 818 2967 bracteae,
836 2899 933 2966 flores,
952 2898 1057 2967 stylus,
1077 2897 1192 2948 fructus.

138 3051 140 3059 ,
206 2983 239 3035 In
260 2983 304 3038 his
323 3002 374 3039 sex
392 2988 519 3056 partibus
544 2987 696 3056 cujuslibet
721 2986 826 3058 speciei
848 2987 1031 3040 observantur
1043 2999 1140 3037 uorem
1155 2980 1351 3054 proprietates,

0 3073 2 3094 ²
104 3085 178 3136 quae
198 3077 330 3142 tanquam
348 3074 485 3128 normales
502 3083 554 3128 'seu
573 3075 798 3128 fundamentales
818 3073 986 3126 considerari
1005 3077 1136 3143 possunt,
1153 3069 1296 3126 videlieet:

140 3160 175 3209 A.
196 3160 334 3214 Bracteae
353 3159 516 3230 petiolatae.

141 3249 173 3299 B.
193 3247 271 3300 Folia
289 3248 350 3301 basi
369 3250 483 3314 excisa,
503 3268 552 3303 seu
571 3252 753 3316 subcordato,
772 3251 818 3304 vel
837 3251 958 3302 cordata

142 3333 171 3386 C.
191 3335 270 3388 Folia
287 3337 405 3408 integra

142 3423 177 3474 D.
196 3424 274 3476 Folia
294 3428 371 3479 dorso
390 3428 498 3496 glabra.

140 3512 172 3564 E.
192 3510 399 3566 Inflorescentia
416 3501 480 3566 folio
498 3512 609 3566 brevior
627 3519 677 3565 aut
695 3513 868 3582 aequilonga.

140 3600 171 3652 F.
191 3601 313 3653 Bractea
330 3601 535 3654 indurescentia
552 3601 661 3654 brevior
679 3607 730 3654 aut
747 3601 923 3670 aequilonga.

144 3685 177 3738 G.
197 3687 308 3740 Remuli
327 3705 387 3742 cum
406 3690 519 3758 petiolis
536 3691 636 3760 glabri.

141 3775 177 3826 Η.
197 3763 294 3843 Stylns
313 3777 373 3828 basi
391 3777 498 3845 glaber.

152 3863 173 3914 Ι.
192 3864 308 3916 Fructus
327 3864 462 3935 oblongus
485 3865 553 3931 (non
571 3865 727 3935 globosus).

211 3951 310 4004 Porro:
328 3955 384 4007 hae
402 3954 589 4022 proprietates
608 3955 694 4007 etiarn
712 3968 774 4006 esse
793 3957 909 4022 possunt
929 3951 1102 4004 contrariaer

143 4037 192 4089 A*
211 4041 348 4094 Bracteae
367 4043 487 4096 sessiles.

142 4123 190 4178 B*
208 4127 288 4179 Folia
305 4130 364 4183 basi
382 4128 504 4200 integra.

143 4210 189 4265 G*
209 4215 287 4268 Folia
305 4217 410 4270 lobata.

143 4299 191 4352 D*
211 4303 289 4358 Folia
308 4308 387 4360 dorso
405 4306 594 4376 pubescentia.
