3212 5100
583 485 723 539 Monogrsphia
737 485 797 528 Tilise
810 486 897 536 generis.
1342 462 1359 518 5

217 615 251 666 In
270 611 393 666 omnibus
413 609 501 664 Tiliae
526 611 670 680 speciebus
695 609 891 677 inveniuntur,
920 626 1084 680 quamquam
1110 615 1265 685 rarissime,
1294 616 1361 670 folia

116 703 269 770 quaedam,
288 715 402 767 quorum
421 697 562 766 margines
581 697 721 750 inferiores
741 699 920 752 coalescendo
940 699 1074 752 cucullum
1093 701 1220 756 formant.
1236 705 1259 768 ¹)

217 788 308 857 Hujus
326 787 438 856 generis
456 788 586 852 arbores,
606 787 641 838 ob
659 785 727 838 folia
745 787 882 853 quaedam
901 788 1042 840 cucullata
1061 789 1265 859 celeberrimae,
1285 811 1361 846 cres·
1449 829 1452 838 ,

116 882 183 928 cunt
208 875 237 927 in
256 875 419 928 coemeterio
448 874 558 943 pristini
582 874 742 928 monasterii
773 877 967 928 monacharum
986 876 1202 931 cistertiensium
1229 881 1361 934 Sedletzii

115 980 201 1034 prope
219 966 422 1033 Kuttenberg‚
446 971 476 1017 et
503 965 532 1017 in
549 981 616 1018 area
637 963 798 1016 monasterii
815 981 902 1033 prope
922 965 1102 1019 Goldenkron
1119 969 1147 1019 in
1166 969 1316 1036 Bohemia‚
1344 985 1360 1019 e

116 1052 214 1120 quibus
232 1054 373 1106 arboribus
393 1059 518 1124 tempore
540 1054 608 1107 belli
626 1054 806 1107 Hussitarum
824 1053 950 1106 monachi
964 1054 1088 1122 suspensi
1100 1055 1184 1109 fuisse
1197 1063 1360 1124 narrantur3

115 1140 190 1192 unde
208 1139 305 1193 fabula
322 1145 385 1194 orta
403 1147 463 1204 est,
496 1142 525 1194 in
551 1149 716 1211 perpetuum
745 1143 872 1208 martyrii
891 1141 1000 1209 signum
1017 1143 1084 1196 folia
1102 1143 1211 1196 illarum
1229 1144 1360 1196 'siliarum

116 1229 238 1281 cucullos
256 1230 449 1283 monachorum
468 1229 650 1284 cruciatorum
669 1228 780 1282 referre.
822 1230 910 1282 Tiliae
929 1235 1023 1282 autem
1041 1231 1172 1282 hodierno
1190 1235 1313 1300 tempore
1332 1231 1359 1282 in

115 1315 170 1368 illis
198 1316 265 1370 locis
294 1323 464 1384 crescentes,
496 1333 565 1385 quas
591 1317 651 1385 ipse
681 1316 756 1382 vidi,
789 1321 819 1368 et
844 1325 916 1384 quae
941 1325 1006 1370 sunt
1042 1315 1134 1368 Titiae
1163 1316 1358 1385 prandifoliaa

115 1406 212 1457 fabula
225 1402 351 1471 juniores
370 1410 443 1458 srrnt.
789 1456 790 1460 ,

216 1493 278 1546 Hae
297 1495 562 1561 pseudomorphoses
583 1493 793 1556 (cohaerentiae
811 1492 888 1556 Dc.)
908 1510 961 1545 non
980 1499 1179 1562 propagantur.
1197 1493 1230 1545 In
1251 1494 1360 1544 hortum

114 1581 275 1634 botanicum
291 1580 533 1633 vindobonensem
562 1597 634 1649 „non
654 1579 740 1632 semel
757 1579 851 1648 plures
870 1581 964 1632 taleae
984 1581 1163 1634 transmissae
1183 1585 1263 1646 sunt,
1289 1595 1360 1647 quae

114 1672 303 1737 vegetarunt‚
322 1685 374 1720 nec
392 1667 460 1720 folia
478 1669 619 1720 cucullata
637 1663 822 1736 produxere.“
842 1666 874 1730 (J
880 1667 966 1735 acq.)

215 1755 345 1808 DeTiliis
358 1756 505 1809 cucullatis
523 1755 606 1823 longo
624 1763 759 1823 tempore,
777 1753 927 1823 praecipue
946 1752 1126 1822 inBohemia,
1146 1753 1225 1808 varia
1236 1754 1360 1808 homines

114 1846 252 1911 quondam
270 1843 390 1896 fabulari
408 1859 557 1911 earumque
577 1842 643 1896 folia
660 1842 800 1910 requirere
819 1843 954 1896 solebant.

107 1961 111 1968 ·
215 1931 290 1984 Conf.
309 1931 477 1998 Jacquin,
505 1933 680 1998 Fragmenta
710 1930 842 1984 botanica
868 1930 915 1982 Nr.
936 1931 969 1982 68
989 1934 1020 1983 et
1038 1934 1059 1982 t.
1080 1932 1110 1982 ll
1132 1932 1151 1984 f.
1171 1933 1195 1983 3.
1225 1958 1257 1967 -
1281 1933 1307 1984 J.
1328 1932 1358 1982 E.
1393 1921 1396 1924 ’

114 2017 213 2080 Poul,
243 2020 396 2072 Tentamen
425 2019 524 2071 Florae
549 2017 724 2072 Bohemicae.
762 2045 796 2055 -
834 2020 859 2071 J.
878 2018 906 2072 S.
925 2019 1049 2080 Presl,
1077 2019 1160 2070 Flora
1179 2017 1298 2072 teohica.
1324 2044 1359 2052 -

114 2107 148 2158 V.
167 2107 193 2157 J.
211 2106 471 2172 Kasteletzky‚
499 2106 976 2176 Medicinisch·pharmaceutischc
994 2109 1085 2162 Flora.
1115 2133 1148 2144 -
1174 2110 1224 2160 Dr.
1243 2105 1359 2173 Voigt,

113 2193 272 2246 Handbuch
291 2196 340 2244 der
358 2194 534 2262 practischen
551 2195 683 2247 Botanik.
712 2222 746 2231 -
765 2196 1003 2265 Verhandlungen
1023 2199 1071 2248 des
1090 2194 1360 2248 zool.-botanischen

114 2281 231 2334 Vereins
250 2281 277 2332 in
293 2277 575 2346 Wien,18521.·13.
603 2308 637 2318 -
666 2282 767 2346 Latos,
785 2282 947 2334 Zeitschrift
965 2282 1010 2336 fiir
1028 2282 1360 2348 Naturwissensehaften,

112 2370 188 2439 Prag
208 2368 286 2422 1857.
305 2394 341 2406 -
361 2368 612 2426 Oesterreichische
630 2371 794 2424 botanische
812 2370 981 2424 Zeitschrift.
1001 2373 1085 2424 Wien
1105 2373 1182 2424 1860.
1201 2369 1249 2422 Nr.
1270 2371 1311 2422 10.

214 2456 294 2508 Intra
312 2449 440 2510 coronam
459 2458 583 2526 ejusdem
602 2458 707 2512 arboris
726 2474 922 2526 nonnunquam
940 2475 1010 2513 unus
1030 2462 1135 2515 alterve
1148 2459 1247 2512 crescit
1258 2473 1359 2523 ramus,

114 2544 193 2613 cujus
220 2542 290 2596 folia
319 2543 409 2598 forma
436 2551 465 2598 et
488 2549 578 2600 colore
605 2563 624 2599 a
648 2546 744 2602 vicinis
772 2547 882 2601 diversa
910 2553 989 2611 suut,
1016 2563 1181 2616 quamquam
1204 2547 1359 2617 hybriditas

112 2635 250 2700 quaedam
268 2633 379 2700 probari
397 2640 534 2701 nequeat,
553 2634 581 2687 id
601 2636 674 2702 quod
695 2635 780 2686 etiam
797 2634 825 2686 in
846 2631 909 2686 aliis
928 2635 1055 2686 arborum
1076 2637 1220 2704 speciebus
1233 2636 1359 2689 occurrit.

215 2720 261 2773 Sic
279 2720 306 2772 in
324 2722 407 2774 horto
425 2721 625 2776 Tetschenensi
643 2720 671 2773 in
690 2721 824 2774 Bohcmia
842 2719 909 2790 fago
928 2719 1072 2775 silvaticae
1085 2725 1256 2792 sanguineae
1268 2737 1360 2776 ramus

112 2808 208 2861 unicus
235 2809 354 2873 insidet,
383 2809 430 2875 qui
454 2815 564 2862 tantum
591 2808 659 2862 folia
686 2808 786 2863 viridia
812 2809 873 2878 fagi
900 2809 1044 2864 silvaticae
1063 2812 1195 2864 ostendit.
1231 2811 1264 2863 In
1282 2809 1359 2862 silvis

111 2896 245 2949 Austriae
264 2896 400 2950 inferioris
419 2896 562 2951 individua
580 2898 637 2966 pini
655 2898 817 2967 nigricantis
836 2900 923 2968 Host
940 2899 1137 2966 inveniuntur,
1156 2917 1227 2968 quae
1245 2905 1359 2969 praeter

112 3001 202 3038 ramos
221 2985 357 3038 normales
377 2984 463 3038 etiam
480 3001 569 3038 ramos
589 2992 619 3038 et
636 2979 704 3038 folia
722 2987 847 3038 diversae
864 2987 969 3038 formae
987 2993 1100 3056 gerunt.

213 3073 311 3143 Margo
332 3074 457 3126 foliorum
476 3080 521 3126 est
540 3077 672 3127 dentatus
690 3076 736 3127 vel
756 3079 899 3140 serratus,
929 3075 975 3128 vel
1002 3075 1074 3128 infra
1101 3077 1234 3128 dentatus
1252 3076 1359 3144 apicem

110 3178 206 3216 versus
225 3168 320 3215 autem
340 3167 482 3228 serratus,
502 3163 631 3216 dentibus
650 3162 808 3230 spiculatis.

214 3251 275 3303 Non
293 3267 355 3304 raro
382 3251 496 3304 dimidia
523 3268 588 3320 pars
613 3251 824 3321 longitudinalis
852 3267 987 3304 ramorum
1007 3249 1087 3318 copia
1104 3252 1230 3306 foliorum
1247 3253 1359 3321 gravior

112 3345 172 3405 est,
202 3354 283 3406 quam
302 3339 443 3408 opposita,
476 3356 532 3408 qua
549 3356 635 3393 causa
652 3341 721 3393 rami
740 3345 905 3408 torquentur
924 3340 1071 3394 verticales
1089 3340 1149 3408 ita,
1177 3346 1210 3392 ut
1233 3341 1358 3395 videmus

110 3426 181 3480 folia
198 3424 337 3478 Lactucae
357 3425 511 3493 Scarsolae,
530 3431 604 3481 unde
622 3445 721 3482 nomen
737 3426 817 3480 Tissa
834 3428 1045 3494 obliquaHost
1064 3427 1177 3482 duxisse
1196 3429 1357 3484 affirmatur.

211 3514 339 3581 Stipulae
359 3514 441 3568 binae
460 3517 635 3586 magitudine
653 3517 817 3585 inaequales
835 3523 865 3570 et
884 3520 1007 3570 caducae
1027 3523 1105 3581 sunt,
1138 3532 1252 3584 quarum
1270 3516 1358 3585 major

110 3604 193 3658 lateri
210 3601 347 3665 breviori,
366 3602 453 3654 minor
472 3609 566 3656 autem
584 3601 666 3657 lateri
683 3603 801 3672 longiori
818 3604 938 3656 laminae
957 3608 1116 3673 respondet.

210 3689 387 3742 Pedunculus
406 3690 479 3743 inter
497 3693 631 3760 petiolum
651 3698 681 3744 et
699 3709 781 3745 axem
801 3691 843 3745 sui
860 3691 959 3746 ramuli
978 3707 1062 3760 supra
1078 3709 1217 3762 gemmam
1242 3709 1357 3746 excres-

110 3795 177 3831 cens
195 3783 245 3830 aut
264 3782 308 3830 est
326 3784 490 3846 porrectus,
517 3789 568 3834 aut
586 3791 749 3851 assurgens,
781 3788 831 3834 aut
857 3798 908 3849 per
934 3797 1073 3849 gemmam
1103 3781 1277 3834 hornotinam
1305 3785 1357 3834 de-

109 3865 229 3918 clinatus
247 3869 278 3916 et
295 3862 526 3920 inflorescentiam
545 3870 696 3937 pendulam
714 3868 871 3937 mentieus3
890 3887 943 3922 non
963 3870 1073 3937 quidem
1084 3870 1234 3939 gravitatis
1247 3871 1356 3937 effectu,

108 3956 158 4006 sed
188 3969 318 4020 processu
346 3953 487 4022 vegetari,
520 3960 591 4024 quod
626 3957 654 4010 in
676 3957 849 4024 juvenilibus
877 3956 1040 4025 pedunculis
1067 3956 1205 4010 fructuum
1234 3961 1356 4026 pondere

107 4042 228 4092 noudum
259 4041 385 4110 gravatis
413 4031 614 4097 observandum
646 4052 697 4098 cst.
736 4045 913 4098 Pedunculus
932 4051 1076 4113 porrectus
1106 4045 1149 4110 (et
1167 4063 1252 4114 saepe
1271 4044 1356 4100 etiam

108 4128 272 4196 assurgens)
291 4130 505 4199 semitorquatus
524 4148 626 4202 super
643 4134 760 4186 bractea
787 4140 816 4186 et
850 4149 947 4202 super
970 4133 1041 4187 foliis
1061 4133 1104 4202 (ln
1128 4132 1156 4193 Τ,
1173 4134 1355 4204 parvsjolia),

188 4312 203 4376 ¹)
218 4319 273 4364 Cori.
289 4320 322 4364 lle
339 4322 463 4366 Crudelis
479 4323 492 4365 l.
510 4335 525 4364 c.
544 4331 588 4374 psa.
604 4320 643 4364 319
656 4327 675 4364 et
690 4323 791 4366 Prodronr.
807 4324 820 4366 l.
836 4334 882 4374 pag.
898 4321 944 4365 513.
