3212 5100
98 382 134 456 (¹
144 379 179 452 1)
560 407 699 462 Monogreplria
714 408 775 451 Titiae
790 408 876 460 generis.

528 565 556 619 C.
591 567 768 620 Foliorum
796 581 919 636 margo.

203 687 282 740 Folia
303 687 442 739 turionum
462 690 491 738 et
509 688 636 738 arborum
656 683 927 740 decacuminatar'um
952 694 981 740 et
999 704 1136 742 ramorum
1155 695 1352 760 deputatorum

99 775 263 844 plerumque
292 791 309 828 a
337 775 424 827 forma
454 778 609 827 ceterorum
637 775 846 844 digrediuntur3
874 781 940 828 sunt
969 777 1041 829 enim
1065 778 1199 846 ampliora
1218 787 1248 833 et
1266 788 1372 850 saepo'

99 863 206 916 lobata.
224 863 365 932 Ejusmodi
393 865 496 916 formae
522 864 711 934 discrepantes
743 870 807 934 post
829 864 936 933 aliquot
964 880 1050 918 annos
1069 866 1183 918 ror-mam
1202 871 1349 922 normalem

100 951 308 1004 nanciscuntur.
321 950 345 1014 ¹)

204 1040 386 1092 Observauda
404 1037 490 1108 igitur
509 1045 573 1092 sunt
592 1039 660 1091 folia
678 1055 814 1092 ramorum
833 1039 1079 1109 integerrimorum.
1109 1089 1114 1096 .

203 1125 386 1180 Inveniuntur
405 1128 489 1179 etiam
508 1129 635 1192 arbores,
655 1143 770 1194 quarum
789 1128 855 1180 folia
873 1129 992 1196 plurima
1010 1129 1132 1198 integra,
1153 1147 1242 1200 pauca
1255 1138 1349 1186 tamen

99 1215 231 1268 lobulata
250 1219 336 1282 sunt;
355 1221 414 1267 tum
432 1230 560 1267 numerus
579 1214 667 1282 major
686 1215 832 1268 discrimen
853 1214 932 1270 facit.

478 1355 513 1407 D.
543 1357 717 1409 Foliorum
736 1354 972 1424 pubescentia.

203 1475 389 1530 Pubescentia
409 1476 555 1544 foliorum,
583 1477 631 1528 ubi
654 1480 753 1541 adest,
781 1479 929 1530 admodum
955 1475 1034 1531 varia
1058 1477 1205 1533 invenitur.
1242 1479 1351 1552 Pagina

101 1569 233 1638 superior
251 1567 430 1636 plurimorum
449 1572 494 1618 est
520 1565 711 1635 glaberrima‚
750 1567 796 1618 vel
815 1565 877 1634 pilis
896 1565 1020 1619 deciduis
1040 1572 1090 1618 aut
1114 1565 1218 1635 sparsis
1237 1570 1350 1622 vestita.

100 1655 213 1724 Pagina
231 1655 343 1708 inferior
360 1655 406 1709 vel
426 1659 470 1706 est
488 1654 605 1722 glabra,
640 1654 687 1708 vel
705 1652 1030 1722 deciduo-pubescens,
1058 1653 1187 1723 hirsuta,
1214 1658 1349 1721 relatiua,

101 1751 282 1814 tomentosa,
299 1744 362 1814 pilis
381 1743 498 1812 singulis
516 1742 562 1795 vel
580 1741 710 1794 stellatis.
743 1741 822 1794 Folia
839 1741 952 1794 novella
970 1740 1029 1794 fere
1047 1759 1155 1812 semper
1177 1750 1243 1796 sunt
1260 1748 1351 1813 pube-

101 1833 218 1885 scentia.
254 1833 287 1885 In
308 1831 384 1885 Tiliis
402 1830 541 1883 nonnullis
569 1829 732 1883 americanis
760 1831 828 1882 folia
856 1831 998 1898 superiora
1015 1831 1113 1883 ramuli
1139 1835 1217 1884 dorso
1237 1835 1351 1885 densam

100 1921 208 1972 habent
227 1920 450 1987 pubescentium,
482 1935 553 1986 quae
584 1918 613 1970 in
640 1917 814 1971 inferioribus
841 1915 913 1970 foliis
941 1917 1089 1986 paullatim
1118 1920 1280 1986 evanescit,
1310 1921 1350 1973 ita

101 2007 233 2075 quidem,
260 2013 293 2058 ut
320 2025 375 2060 non
402 2021 465 2060 raro
494 2007 562 2060 folia
582 2007 724 2076 superiora
750 2007 879 2075 utrinque
898 2006 955 2060 sint
973 2007 1116 2072 velutina,
1137 2007 1267 2061 inferiora
1284 2025 1351 2063 vero

99 2095 278 2164 glaberrima.

205 2184 239 2236 In
258 2185 400 2236 schemate
412 2183 501 2236 solum
515 2185 549 2235 de
563 2184 748 2250 pubescentia
765 2183 858 2236 dorsi
877 2181 1004 2235 foliorum
1022 2187 1207 2237 mediorum
1225 2185 1350 2237 ramuli

102 2277 134 2325 et
152 2273 325 2325 evolutorum
343 2287 431 2324 senno
450 2275 502 2323 est.
540 2272 680 2324 Barbulae
707 2267 736 2323 in
764 2269 874 2338 angulis
900 2287 1046 2324 nervorum
1069 2272 1269 2338 pubescentiae
1297 2289 1350 2326 non

101 2363 338 2420 adnumerantur,
358 2365 388 2412 et
406 2357 457 2428 pili
476 2359 577 2412 ibidem
597 2359 740 2412 decidui
760 2374 814 2410 non
833 2357 1028 2424 respiciuntur.

552 2502 584 2553 Ε.
612 2499 898 2553 Infloresceutia.

204 2627 380 2680 Pedunculus
408 2643 469 2680 curu
499 2627 641 2696 pedicellis
670 2625 758 2680 serius
786 2627 885 2678 crescit
913 2643 997 2695 quarn
1026 2627 1110 2688 folia,
1147 2629 1211 2682 inde
1239 2627 1350 2680 antbesi

101 2723 220 2786 peracta
249 2717 334 2785 primo
364 2719 567 2770 observandum
598 2720 658 2780 est,
689 2731 726 2766 an
753 2714 957 2770 inflorescentia
983 2715 1048 2768 folio
1080 2715 1188 2768 brevior
1218 2716 1273 2779 sit,
1302 2722 1352 2767 aut

102 2805 228 2873 aequalis
247 2811 298 2858 aut
317 2806 433 2873 longior,
481 2805 639 2872 Longitudo
666 2804 725 2856 folii
746 2809 839 2856 autern
859 2801 1062 2857 determinatur
1080 2803 1254 2872 longitudine
1273 2799 1351 2856 nervi

101 2893 224 2962 primarii
242 2909 328 2961 usque
347 2895 385 2946 ad
403 2893 499 2947 basin
518 2892 629 2963 apicis
648 2881 788 2961 laminae,
808 2895 886 2960 apice
905 2893 964 2960 ipso
983 2887 1109 2945 variabili
1127 2895 1255 2958 excepto.

479 3035 509 3088 F.
532 3035 760 3087 Bractcar·nm
778 3033 973 3102 longitudo.

210 3158 348 3210 Bracteae
366 3155 413 3210 vel
432 3160 498 3208 sunt
516 3155 654 3209 breviores
673 3171 756 3225 quam
774 3153 992 3222 indurescentia‚
1012 3157 1062 3206 aut
1080 3151 1282 3222 aequilongae‚
1303 3157 1352 3202 aut

102 3245 260 3316 longiores,¹
279 3261 350 3313 quae
368 3248 451 3298 notae
470 3243 619 3314 plurimum
636 3246 748 3299 variant
760 3241 789 3295 in
801 3260 855 3296 nno
875 3245 1027 3310 eodemque
1046 3239 1205 3306 individu03
1224 3245 1350 3292 attamen

101 3336 227 3387 notanda
244 3339 310 3386 sunt
328 3333 493 3402 sequeutia:

210 3422 235 3472 l.
255 3423 392 3474 Braoteae
413 3436 522 3490 cymam
540 3419 713 3474 novellam
731 3434 838 3486 semper
855 3421 998 3486 superant.

210 3513 235 3564 2.
255 3509 378 3562 Bractea
396 3524 504 3578 cymam
522 3507 666 3562 florentem
679 3524 800 3577 aequans
814 3524 832 3561 a
845 3521 926 3576 cyma
937 3502 1085 3558 fructifera
1099 3519 1183 3573 saepe
1195 3507 1350 3571 superatur.

210 3599 235 3648 3.
255 3595 345 3650 Tiliae
364 3596 529 3664 parviloliae
557 3597 628 3648 foliis
658 3597 794 3662 minimis,
823 3601 853 3646 et
880 3609 952 3662 quae
980 3594 1007 3646 in
1026 3592 1083 3647 solo
1102 3608 1194 3646 macro
1215 3596 1349 3656 crescunt,

101 3685 264 3754 plerumque
283 3685 412 3737 bracteas
432 3685 663 3738 inflorescentiam
682 3688 847 3754 superantes
865 3685 979 3736 habent.

209 3773 235 3825 4.
254 3773 437 3824 Bractearuur
455 3773 577 3828 latitudo
597 3774 689 3829 variat
707 3789 756 3842 pro
776 3772 935 3824 conditione
954 3770 1004 3824 soli
1024 3773 1054 3822 et
1072 3773 1198 3824 naturae.

209 3857 243 3912 In
264 3862 410 3916 schemate
429 3863 515 3933 igitur
535 3865 569 3915 de
588 3863 642 3916 illis
663 3861 782 3916 bracteis
795 3861 906 3930 agitur,
925 3874 996 3929 quac
1008 3858 1088 3928 quasi
1105 3857 1227 3910 medium
1244 3861 1354 3918 tenent,

101 3945 119 4000 i.
140 3964 164 3999 e.
193 3963 266 4016 quae
298 3949 325 4001 in
357 3953 463 4004 ramulo
491 3967 543 4004 nec
572 3967 717 4021 supremae
735 3967 787 4002 nec
805 3949 932 4012 infimae,
964 3953 993 4001 et
1019 3962 1091 4015 quae
1118 3950 1267 4014 praeterea
1290 3959 1352 3996 cre-

102 4033 207 4089 briores
229 4041 302 4089 suut.

183 4187 199 4253 ¹)
215 4194 350 4247 Ortmann,
367 4195 387 4238 iu
404 4195 489 4247 „Flora‘
504 4194 561 4238 1835.
577 4208 597 4250 p.
614 4194 660 4241 5⁰2.
673 4207 776 4257 perperam
789 4197 856 4252 putat,
878 4193 947 4238 Titiam
966 4191 1017 4236 loliis
1032 4191 1102 4234 totalis
1118 4191 1156 4250 (T.
1170 4189 1268 4242 uttffolto
1281 4180 1351 4248 llost)

96 4268 134 4304 rau
145 4262 237 4304 ammodo
252 4263 272 4305 in
287 4263 394 4307 individuis
407 4264 560 4309 tmtescenubus
573 4264 664 4308 inveniri.
694 4301 697 4306 r

1108 4325 1148 4383 μ
