3212 5100
297 1235 662 1374 Monographia
681 1236 855 1400 'Tilion
891 1237 1105 1374 generis

453 1711 519 1762 (enm
531 1712 614 1751 tabulis
629 1713 718 1752 duabus.
733 1715 787 1752 lab.
800 1713 850 1752 vm
864 1716 887 1751 et
900 1713 950 1762 xl.)

394 1843 506 1896 vernalem
528 1844 549 1887 in
567 1844 604 1888 der
619 1843 705 1897 Sitrona
722 1856 767 1888 rom
784 1843 804 1889 l.
818 1845 926 1890 Dece-bor
939 1843 998 1890 1861.

640 1983 779 1996 ...----ι

690 2099 784 2140 Postero
795 2109 848 2150 cens
860 2099 932 2148 spiren
938 2099 1006 2150 ,daclt
1018 2109 1075 2140 acca
1087 2103 1188 2146 nominc,
1203 2112 1280 2151 rosque

741 2168 859 2216 Spectator
873 2168 919 2206 alio
930 2167 1027 2215 protulit
1039 2168 1091 2208 lade
1106 2180 1164 2210 amno.

691 2234 724 2274 lis
734 2245 831 2288 quoqne,
848 2235 904 2274 utor
915 2235 989 2279 ime,
1002 2235 1097 2275 multam
1109 2241 1199 2276 matare
1213 2238 1303 2278 solebas.

739 2303 810 2350 Amne
821 2303 946 2353 perennata
956 2303 1039 2353 >ianm
1050 2305 1115 2344 aerbo
1128 2305 1193 2344 noae.

1116 2381 1257 2440 ΠΙΝΑΞ.

31 2471 189 2586 vrTilia
207 2530 403 2600 antiquissimis
416 2530 478 2600 jam
496 2531 665 2602 temporibus
678 2533 758 2586 arbor
770 2532 903 2597 laudata,
922 2530 1057 2601 testisque
1076 2531 1327 2588 sanctimoniarium

30 2621 62 2678 ,υ
78 2619 233 2678 solennium
260 2625 388 2672 veterum
420 2625 491 2674 erat.
526 2618 703 2672 celeberrimi
732 2619 860 2672 Linnei
886 2617 1005 2687 majores
1037 2620 1198 2675 derivarunt
1224 2637 1326 2672 nomen

36 2691 62 2760 ἶ.
75 2708 185 2778 gentile
204 2723 223 2760 a
242 2706 334 2772 Tillo,
360 2721 432 2774 quae
460 2707 507 2760 illo
526 2712 651 2774 tempore
676 2706 751 2760 inter
780 2708 932 2760 Jamsboda
950 2712 980 2760 et
997 2708 1135 2762 Linnhult
1152 2710 1326 2778 vegetabet3

35 2776 129 2880 eLin
149 2794 221 2848 enim
238 2795 309 2846 haec
327 2795 409 2849 arbor
427 2793 455 2844 in
473 2792 574 2846 Suecia
597 2792 758 2876 necatur.¹)
806 2792 879 2846 Tilia
907 2793 962 2860 jam
990 2795 1133 2849 veteribus
1159 2799 1219 2850 erat
1246 2798 1328 2848 arbor

22 2895 65 2956 ,φ
78 2881 231 2936 domestica
249 2886 280 2934 et
297 2877 441 2934 familiaris
459 2879 562 2948 ubique
580 2881 668 2948 culta,
687 2880 714 2932 in
731 2879 809 2948 cujus
821 2882 937 2936 umbrae
956 2881 1101 2936 dulcedine
1113 2881 1327 2952 paterfamilias

28 2979 64 3012 ’ν
77 2985 179 3024 suaves
198 2971 300 3022 ducens
318 2971 416 3032 odores
436 2984 474 3020 ex
491 2968 630 3023 laboribus
650 2969 872 3037 conquiescebat.
883 2967 907 3034 ¹)

178 3055 300 3109 Primam
316 3055 400 3124 hujus
428 3055 532 3109 arboris
560 3054 730 3109 mentionem
760 3056 964 3108 memorabilem
994 3055 1062 3110 fecit
1089 3056 1327 3125 'I'eophrastus

38 3131 218 3198 &Eresius
250 3143 346 3208 (natus
364 3142 558 3196 verosimiliter
576 3143 624 3196 371
648 3158 735 3196 annos
754 3150 822 3196 ante
842 3142 904 3196 Chr.
923 3141 976 3208 n),
995 3142 1042 3212 qui
1075 3140 1108 3196 Τ.
1121 3143 1274 3211 foeminam
1297 3147 1328 3196 et

40 3199 58 3246 ς
82 3227 114 3284 Τ.
133 3246 238 3283 morem
257 3230 388 3284 describit
407 3229 433 3281 in
453 3227 526 3288 Hist,
545 3229 635 3299 plant.
654 3228 717 3282 Lib.
737 3229 762 3281 3.
785 3245 845 3298 cap.
868 3229 910 3282 10.

21 3261 66 3368 -ἓ
179 3319 247 3372 Tres
266 3317 399 3372 Tiliarum
417 3334 504 3370 zonae
523 3315 613 3370 totum
631 3317 863 3386 hemisphaerium
882 3317 1101 3386 septentrionale
1121 3316 1245 3386 cingunt.
1264 3317 1328 3370 Pri·

16 3378 150 3504 dgmam
169 3407 205 3458 ab
225 3405 295 3459 ostio
324 3404 471 3458 Amurensi
498 3421 550 3474 per
580 3406 677 3459 Asiam
707 3421 794 3474 usque
821 3399 858 3458 ad
885 3404 968 3458 litora
991 3406 1120 3476 Europae
1146 3405 1329 3459 occidentalis

75 3493 184 3548 formae
207 3489 238 3544 T.
254 3492 426 3562 parois‘ols'co
444 3493 503 3547 sine
521 3492 722 3563 interruptione
742 3494 923 3546 constituunt.

32 3563 61 3629 G
179 3584 256 3636 Zona
273 3579 442 3647 meridiana,
474 3598 523 3635 seu
547 3597 618 3634 zona
650 3578 682 3635 T.
701 3587 864 3649 carpamns,
895 3580 925 3633 in
952 3578 1073 3634 Graecia
1096 3578 1194 3651 incipit
1220 3584 1251 3633 et
1277 3595 1328 3650 per

32 3635 167 3734 {totam
190 3669 303 3735 Asiam,
330 3669 467 3737 paulatim
490 3673 600 3722 mutata
626 3669 714 3736 facie,
744 3659 784 3721 in'
798 3669 913 3723 Ghinam
941 3669 1188 3739 septentrionalem
1215 3669 1328 3723 transite

15 3736 122 3865 ssubi
144 3775 205 3810 curn
222 3773 295 3810 nona
317 3753 349 3810 T.
365 3756 538 3826 parvifoliac
556 3757 708 3827 couvergit.
720 3756 745 3821 ⁸)

179 3847 257 3899 Inter
274 3846 326 3898 has
343 3841 372 3895 in
391 3844 460 3896 Asia
478 3844 644 3898 occidentali
671 3859 742 3897 nona
764 3841 795 3898 Τ.
815 3842 1006 3916 prandifolioe
1023 3843 1136 3915 incipit,
1165 3851 1195 3898 et
1213 3846 1242 3898 in
1260 3845 1327 3902 lito-

74 3931 152 3986 rilus
171 3934 300 4000 Europae
318 3931 538 3986 occidentalibus
555 3933 728 3987 terminatur.

153 4116 172 4181 ¹)
188 4121 258 4163 Leben
272 4121 308 4164 dea
322 4120 399 4164 lliltero
412 4119 457 4164 Garl
472 4131 491 4161 v.
504 4118 584 4164 linui
596 4131 635 4163 ron
649 4119 737 4164 llletrltlr
752 4120 845 4164 llelnriclr
861 4119 966 4173 suver,
981 4119 1084 4175 banburss
1095 4118 1154 4174 lm,
1168 4121 1203 4166 ubl
1215 4121 1327 4165 resumens

21 4223 25 4232 ’
74 4189 141 4234 rusus
154 4187 246 4300 Ἥ.
259 4255 331 4308 vogn
348 4256 422 4309 asora.
438 4256 473 4299 1v.
491 4252 536 4300 rlr.

154 4327 163 4356 ¹
186 4325 301 4370 Secundum
315 4325 475 4378 Tbunberali
490 4325 567 4370 Florem
578 4325 646 4379 lepor.
662 4337 682 4382 p.
697 4321 743 4371 ill.
763 4331 788 4370 Τ.
799 4325 926 4380 parallelis
940 4325 1012 4370 crescit
1021 4324 1078 4378 jurlr
1091 4321 1161 4368 leddo.

1076 4413 1089 4463 ¹
1102 4407 1121 4445 l*
