3212 5100
266 458 284 515 6
801 474 817 516 J.
835 472 858 515 N·
875 465 982 525 Bryon*

263 605 418 659 declinatus
437 609 532 657 autem
562 603 748 656 subbractea
769 605 799 652 ct
825 601 969 654 subfcliis
998 601 1039 665 (in
1064 599 1094 654 T.
1113 601 1303 671 grandisona)
1332 605 1513 675 conspicitur,

262 709 315 760 quo
333 693 373 757 fit,
392 697 425 745 ut
442 691 523 744 flores
546 687 573 741 T.
587 686 756 756 parcifolt'ca
775 703 813 740 ex
831 689 889 740 alto
909 688 1152 758 despiciendo,
1169 690 1250 744 flores
1273 687 1304 741 Τ.
1316 691 1512 760 grandisonae

263 787 293 835 et
305 783 421 834 aliarum
432 784 527 833 autem
539 781 575 832 ab
587 777 641 830 imo
661 775 883 845 suspiciendo
902 777 929 828 in
943 777 1065 830 maxima
1078 777 1158 846 copia
1166 779 1218 830 sub
1231 784 1374 848 aspectum
1382 781 1508 834 veniant,

363 869 488 930 Quilibet
504 865 675 936 pedunculus
694 879 755 917 cum
772 879 857 918 nervo
870 863 1004 932 *primario
1023 867 1154 918 bracteae
1171 865 1382 926 flavo-virentis,
1401 883 1512 922 mares-

262 957 364 1024 centis‚
382 953 521 1010 fasciculis
538 951 728 1020 vascularibus
748 953 866 1007 elevatis
884 953 1094 1022 reticulatisque
1112 954 1237 1007 munitae
1256 961 1391 1008 connatus
1411 960 1463 1009 est.

362 1043 496 1098 Narratio
515 1044 691 1095 bractearum
712 1045 756 1094 est
774 1034 1017 1108 bra'chidodroma‚
1036 1041 1054 1095 i.
1078 1061 1103 1096 e.
1121 1043 1247 1096 fasciculi
1264 1059 1392 1098 vasorum
1409 1059 1509 1096 secun-

261 1131 330 1184 darii
350 1137 415 1183 sunt
432 1132 692 1195 anastomosantes‚
713 1143 785 1195 quae
801 1128 890 1206 forma
906 1128 1045 1182 rarissime
1064 1131 1190 1187 occurrit.
1200 1129 1222 1195 ¹)

360 1220 439 1272 Haec
458 1219 574 1270 bractea
591 1217 637 1270 vcl
655 1233 711 1269 non
729 1217 832 1286 longe,
857 1215 904 1269 vel
932 1231 1021 1285 usque
1039 1219 1075 1270 ad
1101 1217 1182 1270 imam
1201 1217 1281 1271 basin
1298 1219 1341 1272 sni
1359 1219 1508 1288 pedunculi

261 1304 395 1360 decurrit:
415 1305 532 1375 priorem
550 1307 711 1374 plerumque
722 1303 912 1373 'petiolatam‚
931 1302 1050 1359 alteram
1069 1323 1133 1361 vero
1156 1305 1277 1359 sessilem
1295 1311 1407 1361 vocant.

360 1395 527 1446 Bracteolae
545 1394 707 1460 plerumque
725 1391 853 1445 minimae
879 1398 946 1446 ante
966 1393 1193 1447 efflorescentiam
1211 1395 1358 1462 decidunt3
1385 1395 1414 1447 in
1434 1411 1507 1448 non-

259 1480 458 1538 nullis-tamen
476 1480 615 1550 majores,
639 1481 830 1548 lanceolatae,
855 1479 884 1532 in
911 1495 978 1534 area
1008 1496 1075 1535 suae
1100 1483 1220 1534 laminae
1239 1487 1371 1536 curvatae
1390 1488 1419 1535 et
1437 1498 1507 1550 per·
1580 1497 1582 1502 ’

258 1567 390 1621 sistentes
409 1572 484 1622 sunt.

359 1654 569 1709 Inflorescentia
588 1671 696 1725 cymam
714 1657 749 1708 3-
767 1660 819 1709 aut
836 1649 1025 1718 multitatem,
1045 1659 1160 1711 densam
1178 1662 1229 1710 aut
1247 1659 1342 1710 laxam
1360 1659 1508 1728 pedicellis

258 1741 368 1797 trifloris
387 1744 469 1797 sistit.

360 1831 535 1885 Pedunculus
544 1846 605 1884 cum
618 1847 670 1885 sua
683 1847 764 1900 cyma
775 1830 873 1886 variae
884 1832 1083 1902 longitudinis,
1102 1848 1159 1901 qua
1177 1832 1271 1886 folium
1283 1833 1367 1903 longe
1380 1839 1507 1902 superat,

260 1924 311 1972 aut
329 1935 347 1970 a
364 1918 468 1973 lamina
486 1921 549 1987 plus
567 1918 657 1973 minus
676 1925 840 1989 superatum
859 1935 997 1989 nunquam
1012 1928 1107 1974 autem
1124 1921 1230 1990 peticlo
1249 1921 1360 1974 brevior
1378 1921 1505 1975 occurrit·

358 2005 437 2059 Haec
454 2007 526 2060 ratio
544 2007 693 2076 pedunculi
712 2010 749 2060 ad
768 2005 865 2060 folium
882 2009 1008 2062 nonnihil
1027 2009 1199 2063 constantior
1218 2014 1274 2072 est,
1305 2024 1387 2077 quam
1410 2009 1508 2078 longi-

258 2096 325 2147 tudo
344 2096 527 2148 bractearum.
547 2095 579 2148 In
598 2095 774 2164 longitudine
791 2094 1010 2149 indurescentiae
1027 2097 1178 2150 maximum
1197 2111 1281 2165 saepe
1301 2099 1383 2149 decus
1402 2097 1507 2152 arboris

258 2180 342 2234 situm
361 2186 413 2234 est.

360 2271 457 2339 Neque
476 2272 562 2340 calyx
580 2271 809 2340 cymbaeformia
834 2271 952 2326 mellifer
962 2269 989 2338 ²)
1014 2278 1044 2326 et
1062 2275 1199 2340 caducus,
1230 2289 1320 2341 neque
1337 2271 1435 2341 petala
1452 2273 1506 2326 cb-

256 2356 343 2426 longa
361 2363 411 2410 aut
429 2359 551 2414 oborata
569 2365 599 2412 et
616 2360 797 2414 flavescentia
815 2363 952 2430 praebent
978 2366 1060 2416 notas
1088 2360 1330 2415 characteristicas
1349 2363 1385 2414 ad
1404 2361 1507 2416 distin-

256 2447 382 2513 guendas
400 2444 511 2500 formas.

358 2534 575 2588 Filamentorum
601 2550 729 2587 numerus
758 2541 802 2588 est
828 2535 921 2590 varius
949 2541 979 2590 et
1009 2537 1179 2607 singulorum
1208 2536 1353 2605 longitudo
1384 2535 1503 2599 diversa,

263 2627 381 2690 suntque
399 2622 502 2690 petalis
518 2623 647 2692 ¹longiora
664 2623 839 2686 breviorave,
860 2627 889 2675 et
907 2625 943 2676 ad
963 2623 1146 2678 differentiam
1163 2625 1311 2678 formarum
1330 2622 1506 2676 constituen-

258 2714 322 2763 dam
342 2727 396 2764 non
420 2709 530 2763 idonea.
567 2711 639 2764 Sunt
665 2716 815 2781 praeterea
841 2717 892 2764 aut
918 2711 1010 2765 omnia
1037 2710 1098 2765 basi
1123 2711 1213 2764 libera
1236 2716 1286 2764 aut
1317 2709 1504 2778 phalangibus

257 2803 377 2851 connata
396 2797 564 2868 (adelpha);
592 2800 701 2868 saepius
728 2799 861 2852 nonnulla
882 2799 1061 2852 latitudinem
1079 2801 1229 2853 normalem
1247 2799 1400 2852 filifcrmem
1418 2798 1503 2866 duplo

260 2892 310 2938 aut
329 2885 492 2955 compluries
512 2893 678 2954 superantes
707 2889 785 2954 apice
811 2889 857 2942 rel
884 2889 973 2940 latere
1002 2890 1052 2941 snb
1071 2888 1149 2955 apice
1168 2889 1314 2940 antheram
1332 2887 1433 2939 ferunt.
1469 2887 1504 2939 Iu

257 2973 320 3026 aliis
338 2975 482 3026 filamenta
500 2975 593 3028 media
610 2975 782 3043 phalangum
809 2974 837 3027 in
864 2977 963 3044 petala
980 2979 1085 3044 absque
1104 2975 1230 3028 antherio
1248 2976 1384 3028 abeuntes
1402 2974 1503 3028 stami-

255 3060 340 3114 nodia
357 3061 538 3114 constituunt.
1511 3133 1513 3136 Ι

356 3149 390 3202 In
409 3149 530 3202 sectione
549 3151 571 3202 I.
591 3147 892 3217 (Hcphpetaloc'doae)
921 3153 975 3204 hae
994 3150 1209 3219 anamcrphoses
1227 3148 1345 3202 rariores
1365 3153 1394 3200 et
1412 3148 1504 3203 minus

255 3236 391 3290 notabiles
432 3243 593 3302 occurrunt,
627 3243 796 3306 possuntque
830 3239 909 3307 quasi
947 3236 1055 3292 initium
1086 3237 1288 3306 anthoplerosis
1325 3234 1504 3300 commereri,

255 3341 420 3393 quamquam
437 3326 530 3379 florem
549 3341 615 3378 rere
633 3326 747 3394 plenum
765 3325 896 3380 Tiliarum
915 3330 1036 3380 nondum
1054 3325 1122 3380 vidi.
1146 3326 1179 3378 In
1197 3325 1321 3377 sectione
1339 3324 1376 3376 II.
1388 3322 1504 3391 (Diplo-

220 3405 222 3410 ’
250 3411 435 3480 pastinaca)
463 3413 585 3466 stamina
610 3409 788 3482 petaloidea,
817 3431 866 3468 seu
885 3415 1054 3468 stamincdia
1071 3429 1138 3468 vera
1166 3413 1306 3478 (nectaria
1322 3411 1371 3475 L.)
1392 3428 1505 3480 semper

254 3503 369 3554 adsunt.
646 3491 648 3494 ’

331 3591 332 3594 ’
356 3587 489 3641 Antheris
506 3605 646 3657 nunqnam
665 3587 799 3658 distingui
816 3595 935 3658 possunt
953 3591 1060 3659 species
1080 3594 1130 3643 aut
1146 3589 1219 3642 aliae
1238 3587 1370 3641 Tiliarum
1388 3579 1514 3642 formae.¹

355 3676 505 3746 Elcngatio
524 3682 555 3729 et
572 3677 757 3746 pubescentia
783 3677 849 3744 styli
880 3677 943 3752 basi¹
968 3677 1125 3742 articulati,
1153 3677 1175 3730 si
1200 3677 1296 3728 modus
1320 3678 1454 3726 teneatur
1473 3678 1507 3725 et

254 3764 360 3817 formae
379 3765 556 3819 transitoriae
576 3766 808 3833 considerantur,
825 3784 880 3820 non
901 3767 1092 3836 negligendae
1111 3769 1184 3820 sunt.

356 3852 504 3924 Stigmatia
522 3855 579 3908 lobi
596 3871 648 3907 nec
676 3856 744 3906 sub-
761 3871 812 3908 nec
830 3861 894 3922 post
916 3853 1046 3908 anthesin
1064 3859 1145 3907 notas
1163 3854 1300 3922 praebent
1325 3854 1492 3903 constantes

238 3914 349 3994 *utrum
367 3941 424 3994 sint
442 3943 543 4010 erecti,
562 3957 598 3994 an
617 3941 765 4010 explanati
778 3943 825 3995 vel
836 3943 975 4008 revoluti,
997 3946 1052 3995 etc.
1070 3957 1125 3993 non
1143 3939 1316 4008 dependeta
1327 3936 1507 4008 proprietate

255 4028 369 4096 speciei,
391 4031 441 4082 sed
459 4045 476 4082 a
493 4029 584 4082 stadio
603 4026 794 4100 vegetationis
813 4034 844 4080 et
862 4031 898 4081 ab
916 4028 978 4082 aliis
997 4027 1109 4082 viribus.
1121 4027 1146 4092 ⁸)

331 4179 350 4245 ¹)
367 4187 390 4230 C.
406 4199 424 4228 ι.
438 4186 647 4238 Ettinflsbausen
659 4198 679 4228 n.
694 4187 719 4227 Α.
732 4185 849 4238 Polorny
864 4186 877 4228 l.
892 4197 909 4228 c.
925 4197 946 4240 p.
963 4183 989 4228 30
1003 4189 1022 4227 et
1036 4195 1067 4240 sq.

330 4248 349 4314 ¹)
362 4249 414 4307 Apes
432 4259 541 4308 pascuntur
554 4259 574 4297 st
588 4255 682 4308 pinguem
695 4253 764 4295 Titiam
779 4283 785 4294 .
802 4286 807 4296 .
824 4283 829 4294 .
845 4284 850 4294 .
867 4253 923 4306 Vns.
939 4253 1013 4306 Georg.
1027 4253 1060 4296 lV.
1077 4251 1122 4296 183.

331 4315 349 4379 ³)
366 4323 421 4366 conl.
435 4323 530 4376 splen,
547 4323 607 4366 reris.
618 4332 665 4374 gen.
680 4321 774 4366 lituum
787 4323 807 4364 ln
822 4324 907 4366 Annales
921 4323 940 4366 d.
956 4334 983 4365 sc.
999 4327 1038 4366 nst.
1052 4323 1079 4366 ll.
1095 4321 1140 4366 Ser.
1157 4320 1171 4362 l·
1190 4331 1210 4373 p.
1225 4317 1264 4363 ³32
1278 4318 1344 4361 adnot.
