3212 5100
220 509 239 564 8
757 533 772 573 l.
788 532 811 572 N·
826 533 920 583 Bayer:

219 659 307 719 Aen,
324 655 444 707 oliaacca
462 658 576 718 Korn,
593 654 711 706 Borrcri
732 655 844 723 Korn,
856 655 1005 708 Poematia
1012 657 1205 724 pulverulento
1224 659 1281 718 Fr,
1301 677 1329 709 α.
1339 659 1470 728 sulpuris

219 742 248 792 K
258 751 292 796 dr
300 747 335 809 b,
355 742 495 795 allochroa
513 745 622 806 Ehrh,
640 760 697 797 var.
714 745 808 812 prisea
818 746 916 813 Lam,
934 745 1046 813 pityrca
1056 750 1082 797 A
1090 749 1145 810 ch,
1162 745 1344 814 sororiculata
1358 748 1392 799 W
1400 751 1423 800 ll
1431 766 1464 812 r.‚

218 832 334 882 obscura
352 832 460 895 Ehrh,
481 847 537 884 var.
558 829 740 899 adplutinota
763 833 907 900 Florus,
935 831 1058 903 Ptyseia
1080 835 1227 902 portatura
1246 837 1281 888 de
1300 837 1466 903 Not.„var.

218 921 443 986 monoceron,
472 935 530 972 rar.
548 920 707 989 polycarpo
731 921 846 988 Ehrh,
873 919 1029 973 Pannonia
1045 923 1209 992 rutiyinosa
1226 923 1340 988 Delis,
1372 922 1465 975 Gallo·

214 1009 310 1075 ptsma
324 1008 445 1058 cerinum
457 1009 553 1063 Mass.
564 1025 622 1062 vor.
632 1007 767 1060 Etrtartc'
780 1009 914 1076 Schaer,
934 1008 1082 1069 Rinodina
1096 1010 1224 1078 sophocles
1241 1011 1351 1075 Mass,
1365 1011 1466 1062 oisella

189 1103 194 1112 ’
218 1093 326 1159 Korb,
345 1093 493 1146 Lecanom
514 1097 692 1160 atra'Ach,
710 1095 877 1161 subfuscata
890 1097 974 1148 th.
992 1113 1050 1150 rar.
1069 1096 1281 1166 distansAch.,
1296 1115 1357 1149 cum
1361 1099 1465 1164 formis

218 1189 350 1252 aspectos
369 1183 457 1245 th,
478 1183 634 1250 alloptano
653 1184 733 1236 Ach.
755 1190 784 1235 et
802 1183 942 1234 variolosa
964 1185 1026 1248 rr,
1045 1185 1223 1236 intumescens
1239 1187 1327 1250 Rbh,
1348 1184 1466 1255 Hopcni

218 1273 308 1338 Ach,
336 1270 510 1322 Ochroloclcto
526 1272 682 1339 pallescens
700 1273 801 1326 Mass.
830 1289 887 1326 rar.
915 1271 1053 1324 tumidnla
1076 1274 1163 1338 Prs.,
1193 1272 1318 1342 Secolipa
1333 1275 1466 1326 obstrusa

218 1361 336 1425 Korn,
365 1357 520 1412 Blostcuio
543 1361 711 1429 fero-curiosa
735 1360 852 1420 Mass,
880 1358 1011 1412 Bocidia
1037 1360 1145 1412 rubeta
1168 1362 1281 1429 Mass,
1307 1361 1466 1414 Bictoricca

219 1447 356 1518 Griffitiiii
377 1449 491 1511 Mass„
511 1447 674 1514 Dtplotoma
691 1448 858 1499 aiboatrum
871 1450 962 1501 Flot.
982 1445 1040 1502 vor.
1066 1447 1245 1502 cortioicolum
1260 1452 1350 1513 th.‚
1371 1466 1465 1516 popu-

217 1538 306 1588 lorum
323 1538 439 1602 Mass,
468 1535 611 1588 Locidclln
629 1535 797 1588 cuterolcuca
821 1537 922 1589 Korb.
948 1553 1006 1589 ver.
1027 1537 1162 1606 crapulosa
1185 1540 1275 1602 Ach.,
1296 1535 1466 1590 Leccnoctr’s

216 1626 341 1694 biformis
358 1623 472 1690 Korb,
498 1623 665 1694 Opepraplaa
684 1623 824 1691 derpcttca
845 1625 934 1690 Ach,
953 1625 1037 1676 uario
1054 1626 1135 1678 Ach.
1155 1642 1213 1679 ror.
1232 1615 1465 1692 nimiosa'Ach„

219 1712 342 1781 (irruptis
362 1714 470 1780 scripto
491 1713 586 1776 Ach.,
606 1728 663 1764 var.
680 1712 819 1781 pulices-is
841 1713 920 1764 Ach.
942 1713 1181 1779 renumeratione
1202 1716 1290 1777 th,
1323 1709 1468 1765 Arthonta

218 1801 351 1854 ocirnccu
368 1802 457 1865 Dus,
490 1799 654 1866 Leprantta
676 1800 803 1868 impolita-
830 1797 946 1861 Korb,
967 1801 1060 1851 caesia
1081 1801 1189 1865 Korb,
1219 1799 1358 1870 Ouiycium
1374 1801 1464 1868 type-

217 1890 317 1941 rcllnm
336 1891 423 1952 Aeh,
442 1886 610 1940 Acrocordia
625 1897 700 1939 terso
718 1891 830 1954 Korn,
849 1896 985 1956 peramato
1002 1886 1117 1954 Korb,
1136 1887 1285 1956 Pyrenulo
1300 1888 1468 1954 leucoplaca

216 1982 328 2044 Korb,
351 1975 477 2046 Sapccita
498 1979 588 2027 uinea
600 1975 713 2040 Korb,
728 1973 930 2043 Arttopyrenia
942 1975 1197 2044 rhypontaMess,
1215 1975 1423 2046 FumapoMas
1433 1995 1469 2062 s,

215 2065 387 2119 Microthciio
402 2065 504 2116 micula
518 2063 630 2126 Kdrb,
653 2062 821 2114 Pertusam'a
838 2065 987 2115 communis
1005 2065 1077 2126 Dc,
1096 2062 1218 2132 Ptlpctis
1236 2056 1349 2132 cuprinos
1357 2065 1469 2118 Mass.

316 2157 361 2208 De
380 2169 431 2205 usu
450 2153 514 2206 libri
533 2150 607 2216 (tela
618 2151 732 2215 fibrosa)
747 2155 820 2220 apud
834 2159 960 2204 veteres:
978 2153 1114 2206 Plinius
1132 2152 1196 2206 hist.
1210 2158 1268 2204 net.
1282 2153 1313 2205 L.
1328 2154 1371 2217 16,
1386 2171 1409 2207 c.
1421 2155 1460 2206 14

315 2259 360 2312 Ex
377 2257 451 2324 ligno
470 2255 544 2308 molli
557 2256 580 2318 ¹)
601 2253 817 2308 conficiebantur
835 2254 960 2320 assulae,
984 2254 1050 2307 hino
1067 2271 1167 2308 nomen
1183 2269 1314 2323 graecum
1332 2246 1469 2318 φιλλύραΙ

183 2403 186 2408 Α
215 2342 240 2394 D
252 2342 259 2393 i
271 2357 402 2407 oscor,
420 2329 525 2401 φιλῦρα
544 2339 672 2408 Teoph
684 2356 705 2390 r.
724 2340 789 2391 hist.
809 2340 898 2407 plant,
920 2341 946 2406 3,
967 2339 1008 2390 10.

316 2427 426 2480 Romuli
445 2432 510 2480 suut
528 2427 719 2494 virescentes,
739 2425 990 2490 cinereo-viriduli‚
1009 2427 1179 2496 rubiginosi,
1198 2426 1367 2496 nigricantes
1377 2464 1385 2489 ‚
1415 2439 1471 2490 vel

216 2516 319 2583 ctiam,
339 2531 399 2566 cum
420 2515 539 2567 cellulae
558 2515 639 2568 strati
658 2516 793 2568 corticalis
813 2513 924 2568 externi
942 2529 1138 2582 nonnunquam
1157 2531 1236 2568 succo
1258 2517 1340 2567 rubro
1358 2516 1473 2583 repleti

214 2610 288 2668 sunt,
299 2602 323 2666 ²)
343 2608 599 2672 purpurascentes,
617 2603 664 2656 vel
683 2601 806 2654 corallini
820 2602 844 2666 ⁸)
865 2610 894 2654 et
912 2603 1003 2655 colore
1021 2603 1110 2654 caesio
1131 2602 1223 2668 (cern)
1243 2603 1355 2669 suffusi,
1387 2608 1472 2671 quod

214 2709 262 2761 per
281 2696 371 2742 totam
388 2685 506 2744 hiemem
526 2690 655 2758 quidem,
675 2689 804 2760 imprimis
823 2695 917 2742 eutem
936 2692 1052 2742 ineunte
1069 2707 1136 2745 rere
1154 2693 1325 2744 observatur.

279 2769 281 2774 ’
313 2778 402 2830 ‘rinae
421 2779 531 2846 copiose
551 2779 644 2830 lerunt
661 2778 781 2840 viscum,
806 2781 879 2846 quod
905 2778 966 2846 jam
984 2795 1003 2831 o
1020 2781 1046 2832 J.
1067 2777 1246 2843 Bouhino,
1276 2779 1348 2832 Hist.
1368 2781 1470 2848 plant.

213 2869 244 2918 L.
266 2869 291 2918 8.
312 2885 335 2918 c·
357 2869 379 2918 i.
399 2869 577 2920 observatum
596 2872 649 2920 est.

314 2953 468 3022 Descriptio
488 2954 671 3024 systematica
689 2953 771 3021 hujus
790 2955 901 3022 generis
921 2954 1018 3008 iisdem
1038 2953 1249 3006 difficultatibus
1267 2956 1390 3008 obnoxia
1408 2965 1472 3024 est,

212 3043 311 3109 quibus
342 3041 399 3096 fere
430 3061 509 3096 omne
537 3046 697 3113 plantarum
724 3060 833 3112 genus,
865 3046 1020 3111 desuntque
1043 3043 1248 3096 observationes
1281 3042 1472 3111 sufficientes,

213 3131 389 3183 collectiones
407 3133 508 3198 plenae
528 3138 558 3184 et
576 3131 729 3201 specimine
746 3130 933 3200 integerrima.

314 3219 505 3288 cujuscunque
524 3222 683 3288 plantarum
700 3218 815 3289 generis
834 3219 1077 3288 monographism,
1097 3235 1160 3272 mea
1178 3219 1288 3287 quidem
1307 3219 1472 3284 sententio,

212 3305 356 3358 continere
375 3313 485 3375 oportet
504 3309 660 3359 absolutum
679 3307 886 3380 perfectumque
904 3306 1051 3359 formarum
1071 3312 1101 3358 et
1119 3308 1343 3360 observationum
1361 3324 1474 3376 reper-

211 3395 326 3458 torium,
345 3410 467 3446 necnon
487 3411 611 3447 severum
631 3409 844 3463 synonymorum
863 3409 1000 3462 examen,
1019 3401 1051 3446 ut
1071 3395 1132 3462 ejus
1150 3401 1247 3446 tenore
1265 3394 1353 3446 futuri
1373 3397 1475 3466 serip-

211 3489 285 3535 tores
305 3485 421 3534 eandem
439 3498 498 3535 rem
515 3481 603 3535 fusius
622 3489 779 3535 tractantes
798 3483 876 3548 quasi
895 3482 1076 3535 fundamento
1096 3480 1138 3534 uti
1156 3482 1271 3550 possint.

312 3571 391 3630 Quod
412 3571 434 3622 si
452 3572 512 3638 quis
532 3578 667 3638 quaerat,
695 3579 789 3624 utrum
808 3570 900 3640 potius
921 3571 976 3636 sit,
1004 3571 1136 3638 majorem
1156 3571 1306 3638 specierum
1331 3570 1474 3624 varieta-
1496 3631 1499 3634 ,

211 3670 323 3726 tumque
342 3675 485 3712 numerum
504 3662 673 3712 recensendo
693 3663 804 3712 modum
824 3661 971 3724 excedere,
989 3674 1025 3710 en
1045 3660 1180 3710 coecendo
1194 3657 1221 3710 in
1239 3673 1322 3709 unam
1341 3660 1478 3726 speciem

210 3746 357 3798 multorum
375 3748 521 3800 formarum
540 3764 652 3800 numero
673 3764 811 3816 peceare,
840 3764 894 3798 non
924 3745 1018 3800 dubito
1047 3745 1112 3814 quin
1138 3744 1214 3814 prior
1239 3743 1289 3796 iila
1311 3746 1478 3800 methodus

210 3835 247 3886 sit
265 3835 460 3904 praeferenda,
478 3851 513 3886 ne
532 3835 585 3899 illi,
615 3835 661 3904 qui
679 3839 744 3904 post
763 3853 810 3888 nos
830 3835 948 3902 speciem
967 3837 1105 3900 quandam
1123 3851 1177 3884 non
1193 3835 1358 3901 descriptam
1378 3847 1476 3886 soru-

212 3923 300 3973 taturi
321 3929 395 3988 sunt,
416 3938 477 3975 eam
495 3921 655 3990 inquirendo
676 3930 706 3974 et
725 3923 935 3974 determinando
955 3921 1046 3974 oleum
1065 3928 1094 3974 et
1113 3937 1225 3990 operam
1244 3923 1373 3989 perdant.

286 4074 304 4138 ¹)
318 4080 360 4122 Nec
375 4079 427 4122 tiliae
441 4080 521 4132 molles,
536 4090 572 4122 nec
587 4081 657 4132 sagus,
671 4085 691 4121 et
703 4080 776 4122 innuba
789 4081 864 4122 laurus.
879 4079 938 4122 Ovid-
953 4079 999 4122 uer.
1013 4079 1041 4122 X.
1053 4075 1086 4122 92.

285 4145 302 4212 ²)
319 4148 473 4199 Schleiden‚
488 4149 608 4200 Grundztge
622 4149 658 4190 der
672 4150 729 4203 uiss.
746 4149 790 4192 Bot.
804 4149 831 4192 11.
846 4160 866 4200 p.
882 4146 926 4192 152.
989 4197 996 4208 Ι

282 4213 302 4273 ⁸)
318 4219 391 4270 Hert,
407 4217 463 4260 Flora
478 4219 581 4262 austriaca.
591 4219 615 4261 ΙΙ,
631 4229 676 4272 pag.
692 4217 725 4260 60.
740 4219 792 4260 hunc
807 4218 892 4260 colorem
907 4219 992 4262 vindicat
1011 4229 1060 4261 suae
1081 4219 1152 4259 Tilion
1165 4217 1290 4266 ceratinae,
1310 4213 1348 4254 sed
1372 4217 1478 4272 temere,

207 4288 253 4341 quia
267 4288 320 4330 idem
336 4289 389 4330 color
404 4299 442 4347 non
458 4289 522 4329 solum
535 4289 554 4333 in
567 4300 607 4330 uno
623 4289 732 4342 eodemque
747 4287 860 4340 individuo,
876 4288 912 4330 sed
928 4288 985 4331 etiam
999 4298 1036 4340 pro
1052 4287 1097 4328 anni
1113 4290 1200 4336 tempore
1215 4282 1290 4334 variat,
1305 4285 1325 4322 et
1338 4281 1386 4333 quia
1398 4293 1478 4336 prae·

212 4359 264 4398 terea
279 4355 370 4408 pluribus
385 4350 489 4409 sordebus
504 4361 524 4400 et
536 4357 605 4400 formis
619 4358 715 4402 convenit.
