3212 5100
541 501 546 518 ,
570 463 711 520 llonosrrpblr
724 463 785 508 'lilios
799 466 887 518 generis.

381 659 414 737 7.
442 659 531 736 lilia
556 657 807 760 bctcropbylla
833 661 967 737 Vent.
998 663 1085 736 diss.

209 835 316 892 Foliis
335 835 426 901 firmis
441 833 574 894 maximis
592 834 821 907 mediocribusre,
835 834 958 906 plurimis
978 837 1240 906 longe-oratis,
1260 839 1356 894 subtus

104 924 338 981 flavescenti-
364 927 410 980 vel
439 926 565 980 cirrereo-
583 924 629 980 rel
647 924 979 996 argenteo-tomentosis3
1008 925 1201 982 fasciculorum
1230 943 1358 984 vasorum

105 1013 218 1087 angulis
238 1020 288 1069 aut
307 1014 477 1070 imberbibus
508 1019 560 1067 aut
586 1013 1041 1082 ferrugineo-barbatulis.
1083 1013 1361 1071 Infloresccntia

104 1105 263 1170 multiflora,
282 1105 418 1174 pendula,
439 1104 632 1175 pedunculo
652 1101 711 1156 basi
730 1105 817 1170 nudo,
843 1103 976 1156 corolla
995 1103 1232 1174 seruiexplanata‚
1256 1103 1361 1174 petalis

104 1193 228 1248 stamina
245 1193 392 1263 subduplo,
411 1191 580 1247 staminodia
598 1191 813 1260 subspathalata
831 1207 928 1262 parum
948 1193 1157 1263 superantibus,
1182 1195 1278 1265 stylo
1297 1199 1361 1265 post

104 1283 235 1338 anthesin
258 1283 405 1353 elongato,
434 1281 493 1336 basi
520 1282 647 1352 pilos03
678 1297 761 1334 nuce
786 1282 908 1352 lignosa,
937 1285 1016 1350 dura,
1035 1281 1169 1353 regulari,
1196 1281 1279 1352 laevi,
1298 1299 1360 1336 raro

10 1425 14 1430 .
100 1372 222 1427 lineata.
240 1371 378 1429 >uem-se
397 1385 527 1440 parrae
546 1371 705 1439 glabrae.

209 1461 288 1514 Folia
299 1475 399 1515 revera
412 1453 623 1524 diversilcrmia,
635 1459 683 1512 sed
695 1455 813 1526 plurima
826 1457 911 1528 longa
924 1459 968 1524 (iu
983 1456 1013 1518 Τ,
1022 1469 1153 1529 orpcotea
1167 1459 1360 1528 subrotunda),
1381 1507 1392 1530 ,

106 1549 169 1609 bui
192 1549 304 1619 oblique
317 1577 329 1592 ·
342 1553 489 1614 truncata,
518 1547 762 1617 subamarginata,
791 1546 922 1617 pauciora
948 1548 1093 1618 aequilata
1120 1567 1154 1602 ac
1181 1549 1280 1619 longa,
1310 1555 1361 1602 aut

104 1639 211 1694 latiora
226 1638 287 1694 basi
305 1638 555 1708 oblique-cordata,
572 1637 920 1708 supraobscure-riridia,
939 1640 1037 1693 subtus
1065 1638 1358 1703 stellato-tomentosa,

105 1728 199 1784 nervis
213 1725 354 1798 ¹primariis
372 1725 598 1794 secundariisque
611 1724 710 1796 (saepe
723 1726 868 1790 brunneis)
887 1727 970 1782 valde
988 1727 1223 1796 prominentibus,
1240 1727 1361 1797 petrolus

105 1817 287 1871 maximorum
315 1815 441 1876 foliorum
469 1813 583 1874 tertiam
611 1813 731 1870 laminae
760 1819 888 1884 partem,
929 1813 1062 1869 minorum
1093 1820 1188 1869 autem
1219 1816 1360 1870 dimidiam

110 1919 245 1974 aequans·
265 1905 361 1959 Flores
379 1903 541 1965 mediocres,
561 1903 657 1970 albidi,
678 1904 844 1974 fragrantes.
876 1903 1045 1974 stigmatum
1063 1906 1119 1958 lobi
1138 1905 1247 1966 breves,
1268 1907 1359 1959 conni-

107 1999 215 2048 ventes.
242 1996 381 2048 Bracteae
408 1991 568 2060 variabiles,
597 1993 757 2063 plerumque
788 1992 1052 2062 lenge-petiolatae.
1079 1995 1145 2046 Nux
1163 2009 1266 2064 magna
1292 1993 1358 2065 glo·
1391 2032 1395 2036 -

103 2085 183 2151 bosa,
209 2083 297 2136 rarius
321 2081 460 2138 oriiormis
488 2087 539 2136 aut
566 2081 748 2143 oboriformis,
779 2081 940 2152 plerumque
966 2080 1133 2149 laevissima,
1162 2085 1358 2141 tomentosula.

108 2200 143 2210 -
173 2173 297 2225 Truncus
325 2171 427 2232 laevis,
454 2170 563 2240 griseus
592 2189 695 2224 corona
717 2187 831 2239 magna,
857 2171 937 2236 laxa,
966 2176 1084 2242 aspectu
1116 2168 1360 2240 „elegantissima“

108 2259 143 2325 (S
150 2259 235 2330 pach
250 2261 267 2312 l.
279 2260 325 2325 c).
345 2288 379 2297 -
399 2259 432 2313 In
451 2255 516 2314 locis
535 2259 677 2313 natalibus
699 2259 842 2312 Americae
857 2257 994 2328 (Georgia
1004 2259 1210 2327 Pennsilrania,
1223 2261 1360 2332 Virginis,

106 2345 259 2417 Marylaud
280 2352 348 2412 etc.)
373 2351 486 2417 praeter
513 2347 609 2402 fluvios
636 2363 730 2402 mense
757 2347 839 2400 Junio
867 2344 947 2398 floret
974 2363 1009 2413 „a
1036 2365 1106 2416 very
1132 2349 1285 2402 bandsome
1304 2352 1359 2401 and

113 2436 251 2490 desirable
278 2437 452 2490 ornamental
476 2433 558 2490 tree“
596 2437 719 2500 (Pursh
752 2435 780 2488 fl.
813 2435 924 2488 americ.
954 2439 1025 2504 sept.
1066 2435 1104 2489 H.
1123 2454 1149 2505 p.
1171 2437 1244 2499 363).
1276 2437 1356 2490 Haec

108 2521 216 2596 species
230 2541 253 2578 a
270 2525 395 2596 pluribus
414 2525 572 2581 auctoribus
597 2541 645 2597 pro
666 2521 700 2577 Τ.
724 2532 873 2596 arpantca,
900 2529 950 2577 aut
975 2538 1024 2593 pro
1053 2521 1113 2591 ejus
1140 2523 1279 2578 varietate
1308 2528 1359 2578 de-

107 2615 242 2678 claratur,
262 2615 289 2668 in
309 2615 452 2684 hortisque
473 2611 507 2671 T.
527 2622 674 2684 asperseris
692 2619 777 2684 saepe
803 2609 960 2668 inscribitur
980 2629 1080 2666 nomen
1104 2609 1135 2663 T.
1153 2611 1360 2684 beteropbyllae,

112 2705 163 2758 sed
182 2719 338 2773 perperam.
357 2704 429 2758 Ecce
449 2703 621 2758 descrimina.
949 2689 953 2693 ’

215 2788 246 2843 Τ.
269 2800 411 2863 arpenna.
431 2793 511 2848 Folia
528 2791 621 2847 omnia
639 2794 820 2860 subrutunda,
840 2792 933 2858 omnia
951 2792 1050 2846 subtus
1065 2791 1213 2861 imberbis,
1231 2810 1359 2861 gemmae

108 2883 303 2950 pubescentes.

219 2968 249 3026 T.
267 2968 458 3042 tetcropbplla.
479 2972 556 3026 Folio
570 2969 692 3040 ejusdem
704 2987 830 3037 coronae,
850 2969 903 3025 imo
923 2970 1047 3040 ejusdem
1061 2971 1131 3025 rami
1150 2971 1231 3025 valde
1245 2970 1359 3026 diversi·

101 3058 220 3127 formis,
248 3059 306 3114 iere
343 3059 435 3114 omnia
461 3059 609 3132 elongata,
650 3075 741 3129 pauca
769 3061 935 3114 subcordato
950 3063 1112 3129 -rotunda3
1141 3059 1259 3130 plurima
1290 3059 1359 3124 (non

103 3147 212 3214 omnia)
232 3151 331 3204 subtus
350 3148 472 3204 barbulis
490 3149 636 3220 permultis
654 3148 778 3219 munita,
805 3165 932 3219 gemmae
950 3151 1075 3221 glabrae.
1100 3147 1130 3202 T.
1150 3148 1248 3219 nigrae
1265 3148 1358 3218 potius

105 3253 190 3308 quam
214 3235 246 3292 1.
266 3245 416 3308 argenteae
434 3256 553 3296 consors.

209 3375 316 3435 loha
338 3376 540 3447 scopuloso:
579 3377 658 3434 Folia
692 3377 900 3449 dirersiformia,
940 3381 1038 3435 subtus
1075 3383 1227 3450 argentea,
1264 3375 1358 3432 nervis

105 3467 236 3528 coloratis
255 3469 413 3532 reticulata.
481 3508 483 3514 ·

210 3609 448 3682 lympanum
471 3606 498 3665 T.
518 3607 586 3664 olba
606 3611 709 3664 Andr.
729 3609 839 3664 Mchx.
859 3609 923 3664 hist.
938 3611 986 3665 des
1000 3611 1057 3664 arb.
1071 3607 1164 3662 forest.
1179 3605 1229 3661 ΙΙΙ.
1249 3622 1275 3676 p.
1296 3607 1364 3672 316,

515 3779 732 3839 Enumeratio
750 3777 945 3838 formarum.

537 3923 933 3982 A·BcD*EFGH*1

212 4071 236 4122 l.
255 4068 336 4124 Folia
361 4068 480 4141 plurima
505 4067 666 4139 mediocria,
692 4068 753 4123 basi
784 4031 1054 4138 colione-cordata,
1083 4063 1302 4132 subaequilooga
1324 4077 1357 4115 ac

105 4157 185 4225 lata,
216 4159 315 4212 subtus
336 4159 615 4230 glauco-argenton
646 4173 728 4229 cyma
745 4156 909 4225 multiflora,
935 4155 1031 4210 folium
1050 4168 1194 4223 aequans,
1226 4153 1357 4204 bracteae

104 4247 191 4318 longe
208 4247 383 4317 petiolum,
412 4265 493 4320 cyma
512 4247 723 4318 subbreviores3
750 4247 842 4317 stylus
866 4245 925 4300 basi
943 4243 1064 4300 villosus.
1092 4272 1123 4279 -
1160 4241 1192 4295 In
1218 4241 1358 4294 montibus

104 4332 292 4408 Allegbanyl

1112 4429 1153 4486 70
