3212 5100
562 480 702 534 llonograplrir
717 481 778 526 'l'iliuc
791 485 877 536 poneris.

559 937 706 1057 Tilia
743 945 876 1048 lurni

92 1156 206 1254 Calyx
227 1157 425 1254 5-sepalus.
455 1157 597 1231 Corolla
626 1161 801 1256 5-petala.
839 1161 1000 1236 Stamina
1024 1149 1222 1260 numerosa,
1254 1171 1338 1243 fila-

90 1288 214 1346 meuta
252 1274 366 1348 libera
401 1287 464 1348 aut
493 1276 663 1349 nonnulla
691 1278 769 1353 basi
795 1293 945 1354 connata
976 1293 1011 1354 et
1045 1285 1338 1384 polyadelphiam

90 1393 326 1482 mentientia,
353 1420 425 1465 non
451 1421 531 1468 raro
562 1396 739 1492 quaedam
765 1399 933 1488 dilatata,
961 1412 1023 1472 aut
1049 1403 1208 1475 medium
1226 1406 1338 1477 fasci-

92 1510 254 1581 culorum
291 1512 556 1609 adelphicorum
594 1515 846 1610 petaloideum.
903 1517 987 1591 Nux
1028 1519 1155 1592 abortu
1194 1523 1337 1594 demum

431 1630 680 1724 unilocularis,
712 1637 807 1704 1-2
841 1661 991 1734 sperma.

311 1882 483 1965 Sestio
514 1885 544 1963 L
587 1875 1099 1996 Haplopetaloideae.

89 2057 158 2112 Flos
176 2059 351 2112 staminorir'is
364 2060 521 2130 destitutus,
535 2062 686 2132 piamentis
704 2063 869 2130 quibusdam
887 2073 978 2118 tomen
990 2081 1190 2132 nonuunquam
1202 2065 1337 2134 dilatatis,

118 2201 121 2206 ,
208 2149 335 2201 stamina
350 2149 452 2216 petalis
471 2150 605 2222 longiora.
625 2149 744 2206 Arbores
762 2153 898 2220 Ernopae
916 2161 940 2206 et
958 2149 1047 2206 Asiae
1066 2152 1221 2224 indigenae.

262 2353 294 2430 l.
322 2352 412 2429 lilia
430 2353 621 2453 parvilolla
644 2355 777 2432 Ehrh.
810 2356 927 2430 Beitr.
958 2362 991 2429 5.
1014 2385 1052 2457 p.
1082 2363 1164 2430 159.

192 2533 299 2586 Foliis
317 2532 439 2599 firmis,
458 2533 692 2602 glaberrimis,
711 2533 850 2588 rarissime
865 2535 1060 2604 pilosiusculis,
1076 2537 1173 2588 subtus
1192 2535 1337 2604 glaucis,

87 2639 153 2676 raro
171 2622 283 2690 pallidis
301 2627 352 2674 aut
369 2619 519 2688 viridibus,
549 2622 741 2676 fasciculorum
766 2639 895 2677 rasorum
923 2623 1035 2694 angulis
1054 2622 1264 2693 rubiginoso·
1293 2625 1337 2675 vel

88 2709 373 2763 ochraceo-barbatis.
392 2710 671 2763 Inflorescentia
688 2711 845 2778 multiflora,
865 2719 1033 2781 porrecta,
1052 2713 1259 2779 raropendula3
1279 2727 1338 2779 pe·

89 2799 239 2850 dunculo
259 2795 402 2850 omnium
420 2795 480 2850 basi
498 2800 608 2863 nudo;
642 2799 777 2851 corolla
806 2800 1021 2868 explanata,
1045 2798 1246 2852 filamentis
1276 2798 1338 2850 basi

88 2885 224 2952 liberis,
252 2885 389 2938 rarissime
409 2887 548 2952 adelphis,
577 2902 641 2938 raro
666 2887 805 2941 nonnullis
833 2887 978 2955 dilatatis3
1008 2889 1101 2955 stylo
1125 2891 1189 2956 post
1208 2884 1337 2939 anthesin

87 2973 253 3043 plerumque
272 2975 451 3042 elongato.
471 2973 564 3025 Nuce
585 2975 791 3042 chartacea,
809 2974 945 3044 fragili,
971 2973 1135 3041 obliqua,
1162 2973 1253 3038 laevi,
1275 2987 1337 3024 raro

87 3064 206 3114 lineata.
235 3055 386 3114 Ramulis
407 3061 572 3130 petiolisque
590 3062 823 3128 glaberrimis,
844 3061 982 3116 rarissime
1002 3054 1282 3130 subpubeseentibus.

193 3148 273 3202 Folia
293 3147 440 3202 universim
459 3149 565 3202 minora
583 3165 666 3217 quam
683 3150 850 3218 reliquarum
869 3151 1040 3220 specierum,
1062 3148 1122 3200 fere
1140 3165 1247 3216 semper
1273 3149 1340 3216 gla-

88 3238 227 3302 berrirna,
247 3239 359 3290 novella
377 3243 472 3290 tamen
490 3239 588 3289 subtus
607 3236 828 3306 stellato-pilosa
846 3235 909 3306 pilis
927 3253 993 3289 mox
1012 3234 1222 3302 decidentibus,
1252 3235 1341 3288 forma

88 3341 224 3395 perquam
244 3325 338 3393 varia,
365 3325 543 3394 plurimarum
569 3330 664 3377 tamen
684 3331 852 3392 symmetra-
870 3326 916 3377 rel
935 3325 1246 3393 asymmetra-cordata
1283 3324 1340 3376 Pe-

90 3414 204 3466 dunculi
224 3414 368 3483 longitudo
387 3411 473 3466 varia.
494 3415 618 3466 Bractea
636 3429 778 3482 nunquam
796 3430 882 3482 usque
902 3415 937 3466 ad
959 3412 1037 3466 basin
1057 3415 1211 3466 decurrens.
1254 3411 1341 3480 Cynra

88 3510 206 3572 propter
224 3503 341 3554 mediam
361 3502 615 3554 circumversionem
627 3501 778 3569 pedunculi
791 3517 852 3553 curn
867 3505 972 3554 adnata
989 3504 1105 3555 bractea
1122 3517 1224 3570 super
1242 3503 1339 3553 eadem

90 3571 222 3660 polrecta
242 3596 303 3656 est,
329 3589 468 3642 informis
499 3587 670 3641 intermediis
689 3589 831 3642 declinata
850 3605 898 3640 sea
916 3589 1058 3656 pendula3
1089 3587 1169 3641 liores
1188 3588 1339 3641 teneriores

89 3684 121 3730 et
140 3677 301 3748 pallidiores
320 3693 402 3745 quarn
422 3679 614 3746 sequentium,
634 3676 728 3741 odori,
750 3675 871 3730 stamina
889 3692 1052 3739 numerosa,
1072 3676 1197 3730 diversae
1215 3677 1340 3746 longitu-

90 3765 182 3834 dinis,
203 3767 293 3834 stylus
313 3766 371 3819 basi
390 3765 506 3834 glaber,
534 3782 596 3818 raro
615 3765 737 3834 pilosus,
761 3782 958 3834 nonnunquam
977 3766 1060 3820 valde
1079 3767 1225 3833 elongatus
1244 3771 1274 3814 et
1292 3765 1338 3816 diu

88 3855 252 3926 persistens.
283 3855 350 3906 Nux
369 3867 474 3921 parra,
500 3855 622 3922 oblonga
646 3858 696 3904 aut
723 3853 904 3920 subglobosa‚
936 3849 1093 3920 spiculata,
1118 3853 1268 3903 rotundata
1293 3852 1338 3904 rel

89 3949 243 4013 depressa,
269 3941 364 4010 junior
395 3942 708 4009 flaccone-tomentosa,
739 3944 853 3994 tandem
882 3942 1035 4009 glabreta,
1064 3953 1148 4006 saepe
1174 3954 1225 4006 per
1252 3943 1342 3990 totam

87 4029 210 4086 hiemem
229 4030 256 4082 in
275 4031 372 4082 arbore
392 4030 565 4098 persistens,
594 4033 666 4098 quod
687 4031 715 4082 in
733 4029 847 4098 reliquis
866 4029 1011 4098 speciebus
1030 4043 1084 4079 non
1103 4025 1341 4080 animadvertitur·

89 4122 195 4172 Cortex
214 4119 304 4170 trunci
323 4119 464 4171 obscurior
483 4124 539 4184 est,
565 4135 647 4186 quam
680 4116 712 4171 T.
730 4117 934 4188 grandisonae,
961 4123 991 4168 et
1018 4115 1104 4170 rimae
1122 4116 1340 4185 longitudinsles

87 4208 179 4276 inagis
198 4207 373 4275 irregulares.
413 4207 520 4260 Corona
548 4207 729 4276 squarrosi0r‚
759 4207 848 4277 magis
878 4204 1036 4275 implicata3
1066 4206 1165 4258 ramuli
1183 4203 1341 4258 nodosiores

83 4297 146 4364 jam
166 4311 262 4348 meuse
280 4295 431 4350 Februario
451 4303 663 4365 purpurascunt.
703 4298 790 4359 Quum
818 4293 1019 4349 inflorescentia
1043 4309 1144 4362 super
1160 4291 1232 4348 foliis
1251 4291 1341 4363 porri-
