3212 5100
289 465 307 519 4
829 484 846 526 J·
862 483 887 525 N.
902 483 993 536 bayas:

388 611 528 664 Decursus
546 623 632 660 zonae
649 604 681 660 T.
695 614 840 676 argenteae
858 623 923 676 ergo
943 605 1093 659 aGraecia
1110 607 1246 673 usquead
1264 621 1340 657 mare
1359 605 1547 668 atlanticum,

289 701 420 752 decursus
439 711 525 749 zonae
549 691 581 745 Τ.
598 692 787 763 grandifoliae
813 711 879 748 vero
898 710 916 746 a
933 693 1071 748 montibus
1090 693 1268 757 Uralensibus
1286 709 1374 762 usque
1393 696 1429 746 ad
1449 711 1547 746 ocea-

288 805 353 840 num
371 787 514 855 pacifieum
532 782 749 851 interrumpitur.
762 782 785 846 ¹]

390 873 545 926 Secundum
571 871 638 936 illa,
666 886 738 937 quae
770 870 803 922 cl.
831 871 905 923 Prof.
929 872 1043 939 Unger
1070 867 1248 937 argutissime
1285 867 1490 921 demonstravit
1505 867 1545 930 ²),

289 962 453 1015 concludere
472 960 557 1024 licet,
580 974 678 1011 zonam
702 956 729 1008 Τ.
744 957 917 1026 paruisoliae
941 963 971 1010 et
1003 955 1031 1006 Τ
1049 954 1241 1025 prandifoliae
1260 973 1297 1008 ex
1314 955 1441 1008 litoribus
1461 955 1547 1007 occi-

288 1047 446 1102 dentalibus
458 1049 585 1115 Europae
605 1037 671 1098 olim
690 1063 740 1115 per
758 1045 878 1098 insulam
891 1045 1066 1097 Atlantidem
1085 1059 1170 1112 usque
1190 1047 1225 1096 ad
1243 1045 1400 1096 Amerinam
1419 1053 1548 1112 septen-

286 1138 433 1191 trionalem
452 1135 643 1188 continuatam
661 1132 757 1198 fuisse,
775 1129 824 1186 ubi
843 1132 957 1183 ultimae
975 1131 1079 1183 formae
1096 1129 1126 1185 T.
1132 1129 1303 1198 pcsrrifoliae
1324 1131 1351 1182 in
1368 1128 1399 1183 T.
1411 1133 1543 1201 stipam,

288 1230 318 1281 et
336 1224 453 1276 ultimae
472 1223 577 1276 formae
601 1220 632 1273 T.
651 1219 841 1291 prandisoliat
859 1220 886 1272 in
910 1216 941 1270 Τ.
956 1220 1145 1288 pubescentem
1164 1219 1343 1279 transierunt,
1362 1219 1543 1272 intermediis

287 1329 347 1365 eum
366 1313 459 1364 insula
476 1312 538 1380 ipsa
556 1310 711 1363 submersis.

389 1401 467 1453 Zona
503 1395 534 1450 T.
554 1405 699 1467 arpeateae
727 1412 765 1448 ex
789 1396 902 1465 Europa
926 1395 1019 1448 media
1045 1394 1200 1448 meridiana
1228 1396 1323 1447 Asiam
1353 1394 1471 1447 mediam
1492 1395 1544 1460 (et

285 1505 361 1541 mare
378 1482 563 1556 pacificuml)
593 1485 731 1538 transiens
756 1484 785 1535 in
803 1485 933 1536 America
951 1483 1164 1551 septentrionali
1186 1500 1237 1554 per
1268 1480 1301 1533 Τ.
1318 1481 1535 1550 aaaroptyttam

285 1581 522 1645 repraesentatur.
573 1643 574 1649 1

388 1663 477 1716 Tiliae
504 1662 608 1729 optime
633 1659 799 1730 proveniunt
826 1659 855 1711 in
879 1659 1016 1726 vallibus,
1050 1660 1227 1723 montibus⁸J
1258 1663 1288 1710 et
1314 1659 1341 1710 in
1369 1659 1535 1726 subalpinis,

285 1751 447 1820 plerumque
473 1763 587 1818 sparsae
610 1745 638 1797 in
657 1745 734 1800 silvis
760 1745 875 1798 aliorum
893 1763 1035 1816 generum.
1059 1745 1090 1798 Τ.
1105 1745 1265 1816 paruisolia
1284 1752 1402 1814 occupat
1421 1752 1535 1814 partem

286 1835 533 1907 septentrionalem
555 1835 641 1889 totius
666 1836 795 1903 Europae
823 1842 853 1886 et
871 1836 968 1900 Asiae,
1003 1835 1117 1903 plagam
1143 1836 1314 1887 constituens
1342 1835 1376 1887 26
1395 1850 1437 1903 gr.
1456 1833 1533 1901 lat.3

285 1926 350 1979 huic
368 1925 497 1978 immixta
513 1923 624 1991 quidem
646 1927 691 1974 est
714 1920 745 1974 Τ.
763 1922 957 1992 presumtio,
981 1939 1052 1991 quae
1078 1930 1172 1975 tamen
1189 1917 1290 1990 ‘magis
1309 1926 1386 1974 amat
1403 1920 1538 1989 regiones

285 2012 461 2066 meridianas.
498 2012 576 2064 Inter
597 2011 740 2064 meridiem
766 2018 796 2063 et
823 2013 958 2065 orientem
975 2012 1101 2081 Europae
1125 2009 1155 2062 Τ.
1175 2019 1306 2081 argentea
1324 2012 1458 2080 indigena
1477 2018 1537 2077 est,

285 2103 374 2154 rarius
400 2103 430 2154 in
455 2101 584 2169 proxima·
607 2099 677 2153 Asia
687 2099 728 2168 ⁴);
758 2099 786 2151 in
804 2101 988 2155 Macedoniae
1019 2100 1200 2154 occidentalis
1222 2100 1365 2155 montibus
1387 2096 1539 2151 constituit

286 2189 368 2244 silvas
382 2186 417 2252 ⁵).
450 2186 482 2240 Τ.
500 2189 585 2258 reipsa
607 2204 669 2241 curn
685 2187 799 2257 reliquis
817 2189 916 2242 incolit
934 2193 1090 2245 Amerinam
1108 2191 1362 2262 septentrionalem.
1377 2190 1401 2254 ο)

324 2337 328 2346 .
388 2275 516 2345 Omissis,
544 2293 616 2345 quae
634 2284 785 2347 praeterea
804 2283 839 2332 de
855 2267 1048 2349 geographica
1066 2281 1152 2334 Tiliae
1171 2279 1364 2332 distributione
1384 2273 1488 2347 passim
1507 2276 1550 2330 in.

286 2364 365 2420 libris
382 2367 534 2435 leguntur,
556 2365 707 2435 specimina
724 2367 785 2436 ipsa
802 2368 882 2435 quasi
899 2369 990 2421 fontes
1002 2368 1108 2436 judicio
1126 2367 1336 2438 prudentiorum
1354 2383 1514 2437 proponam.

349 2496 354 2501 .
388 2453 604 2524 cotyledonibus
626 2453 750 2508 nascitur
768 2458 874 2508 duabus
892 2445 1173 2524 palmato-digitatis.

386 2542 525 2594 Foliorum
543 2543 670 2596 vernatio
690 2548 734 2596 est
753 2544 941 2610 duplioativa,
971 2552 1089 2612 suntque
1109 2543 1210 2597 bifaria
1227 2541 1415 2607 alternantia,
1446 2543 1536 2609 ¹lapo-

284 2631 355 2699 sita3
399 2631 557 2700 antitropa‚
590 2631 806 2699 inaequilatera‚
835 2636 918 2701 parte
949 2632 1093 2685 dimidiata
1122 2631 1240 2686 breviori
1268 2648 1348 2684 axem
1378 2635 1536 2701 spectante.

283 2721 383 2772 Forma
400 2719 526 2772 foliorum
544 2721 664 2772 omnium
682 2719 832 2788 Tiliarum,
857 2720 1040 2773 varietatibus
1067 2721 1214 2773 rarioribus
1232 2722 1379 2790 exceptis,
1410 2726 1454 2772 est
1471 2719 1537 2789 plus

283 2805 375 2860 minus
394 2809 530 2874 cordata,
549 2809 674 2878 margine
694 2824 835 2876 nunquam
852 2808 1041 2876 integerrimo.
1134 2819 1138 2828 ’

385 2896 520 2949 Nervatic
539 2896 665 2949 foliorum
685 2901 729 2948 est
748 2897 995 2963 craspedo-droma
1017 2897 1153 2964 simplex,
1177 2897 1195 2948 i.
1215 2915 1238 2949 e.
1257 2895 1383 2949 fasciculi
1402 2911 1534 2950 vasorum

284 2981 440 3035 secundarii
458 2986 508 3034 aut
528 2999 621 3036 eorum
639 2983 708 3036 rami
731 2999 786 3035 non
804 2984 950 3035 solvuntur
967 2984 994 3035 in
1012 2986 1152 3052 maculas,
1182 2987 1231 3036 sed
1258 2985 1362 3052 integri
1390 2989 1535 3052 usquead

283 3069 437 3138 marginem
455 3071 513 3123 folii
533 3077 699 3133 excurrunt,
718 3077 836 3139 suntque
854 3073 900 3124 vel
917 3073 986 3124 recti
1004 3072 1050 3126 vel
1068 3073 1183 3126 curvati.
1214 3073 1350 3126 Fasciculi
1369 3073 1534 3137 secundarii,

284 3157 418 3210 basilares
437 3159 629 3212 nervationem
648 3159 864 3212 aetinodromam
881 3161 1062 3225 mentiuntur,
1083 3161 1133 3212 ie.
1153 3178 1168 3212 e
1186 3160 1247 3212 basi
1264 3160 1384 3212 laminae
1402 3159 1535 3212 radiatim

286 3245 435 3314 divergunt
453 3247 583 3314 quidem,
609 3250 640 3297 et
660 3262 744 3315 saepe
763 3247 870 3313 apicem
888 3262 984 3300 versus
1004 3256 1173 3314 curvantur,
1202 3251 1252 3300 sed
1272 3247 1373 3300 ibidem
1392 3264 1445 3300 non
1466 3265 1535 3300 con-

285 3339 415 3402 vergunt.
429 3333 453 3399 ')
490 3332 571 3387 Talia
596 3335 665 3387 folia
691 3337 741 3387 De
761 3336 925 3388 Gandolle
944 3341 1028 3390 vocat
1046 3337 1280 3406 palminervia
1298 3352 1348 3387 seu
1367 3337 1533 3404 palmati·

284 3418 421 3487 nervia,
440 3439 489 3476 seu
507 3424 600 3477 nervis
617 3421 749 3491 palmatis
768 3423 799 3487 (f.
818 3421 1002 3492 palminerves
1021 3442 1056 3478 ou
1074 3421 1092 3478 a
1110 3441 1244 3479 nervures
1262 3422 1393 3493 palmees.
1410 3423 1431 3488 ⁸)

359 3677 382 3743 ¹)
396 3680 455 3726 conr.
469 3681 492 3723 1².
505 3680 619 3734 Lessing
634 3681 655 3723 in
669 3682 755 3727 binnaea
769 3683 804 3726 lx.
819 3696 840 3738 p.
853 3684 899 3728 tad.

359 3747 378 3812 ²)
394 3753 416 3794 F.
432 3752 532 3801 linger,
548 3749 584 3792 Die
598 3751 725 3795 versuniene
739 3754 792 3796 insel
807 3755 900 3798 Atlantis.
913 3755 973 3798 wien
988 3752 1047 3798 186⁰.

358 3813 377 3880 ³)
393 3819 448 3862 Conr.
462 3819 567 3862 Plinius
580 3819 604 3860 l..
618 3817 653 3862 16.
670 3832 686 3862 c.
701 3818 735 3863 18.

359 3882 378 3947 ⁴)
394 3887 540 3930 verosimiliter
556 3887 582 3929 de
600 3887 637 3930 bas
649 3889 716 3940 specie
729 3889 776 3932 dicit
788 3891 876 3944 Theopr.
892 3893 905 3934 l.
921 3904 938 3935 a.
952 3891 973 3933 L.
988 3888 1008 3934 l.
1025 3889 1070 3936 ol
1089 3893 1129 3945 „Et
1142 3893 1218 3938 burum
1232 3903 1289 3946 vero,
1307 3894 1326 3932 et
1340 3891 1399 3932 tiliam
1419 3883 1476 3950 (Asis¹
1498 3891 1531 3932 rix

283 3965 360 3998 sumno
376 3959 444 3998 conata
459 3955 551 4007 recipit·t

358 4017 376 4082 ⁵)
390 4025 414 4066 Α.
428 4023 596 4078 Griesebaeh,
611 4023 739 4078 spicilegium
755 4027 816 4069 dorse
830 4029 944 4072 rumelicae.
960 4040 980 4082 p.
1002 4027 1047 4073 rto.

359 4084 378 4150 ⁶)
395 4091 450 4134 Cant
466 4092 604 4146 Humbold,
620 4093 729 4137 dnsicbten
742 4095 777 4137 der
790 4096 1011 4152 Plianzengeogrsphie.

357 4153 376 4218 l)
390 4161 505 4203 Constantia
527 4173 546 4203 v.
565 4161 779 4214 Ettingshausen
799 4165 840 4206 und
861 4165 915 4207 diois
937 4166 1071 4220 Pokorny,
1090 4167 1217 4221 Physiotypia
1238 4168 1350 4221 plantarum
1376 4169 1531 4212 austriacarum

283 4227 343 4271 Wien
359 4226 416 4272 1856.

360 4292 379 4356 ε)
392 4300 414 4342 Δ.
431 4299 476 4350 Pyr.
492 4299 526 4342 De
541 4300 651 4345 candel!
661 4314 684 4354 e,
703 4305 867 4357 Organographie
880 4307 969 4358 serebia
982 4308 996 4349 i.
1011 4318 1058 4360 pas.
1075 4307 1120 4354 Μ
