3212 5100
266 441 302 500 12
800 463 817 504 r.
833 461 857 504 u.
873 463 960 513 naver:
1426 437 1511 513 (14)

264 634 272 642 .
364 591 465 644 Omnes
491 589 595 642 formae
619 585 705 657 igitur
741 585 768 638 in
801 587 927 640 herbario
957 589 1106 641 secundum
1130 588 1182 640 hoc
1210 587 1321 642 schema
1352 589 1510 644 collocatae

261 678 393 734 facillime
411 675 600 732 inveniuntur.

364 768 468 821 Eodem
480 768 561 818 modo
575 765 634 817 tale
647 763 759 817 schama
772 762 1002 832 descriptionibus
1015 763 1165 817 formarum
1178 764 1282 833 optime
1295 763 1419 830 inservit,
1433 783 1456 818 e.
1464 783 1510 836 g.:

366 855 523 922 Descriptio
556 850 647 904 Titiae
674 849 834 919 tsaaifoliao
860 853 947 906 Host
982 851 1162 920 exprimitur:
1210 849 1286 904 Titia
1312 850 1510 921 prandisolia:

263 941 557 1009 AB*CDEFGHI;
577 957 660 1010 quum
678 957 758 1009 porro
777 941 880 993 literae
898 939 1153 995 ABCDEFGHI
1171 941 1231 994 sine
1248 939 1406 995 asterisco*
1424 951 1510 1010 notas

263 1033 416 1096 normales,
444 1046 505 1082 oum
533 1026 703 1082 asterisco*
721 1035 815 1081 autem
843 1029 995 1082 contrarias
1025 1019 1194 1096 significent,
1225 1032 1324 1100 eadem
1361 1031 1510 1098 descriptio

264 1119 429 1188 exprimitur
446 1118 550 1171 litera:
567 1114 628 1183 B*,
657 1115 722 1185 quia
749 1116 873 1185 reliquae
891 1116 991 1169 literae
1027 1117 1126 1183 (notae
1154 1115 1306 1180 normales)
1334 1117 1511 1172 subaudiun-

263 1214 327 1270 tur,
350 1225 374 1258 a.
392 1223 438 1275 g.:

341 1291 372 1345 Τ.
390 1290 586 1362 prandisolia:
622 1287 815 1344 Brrl‘ffiffl*
890 1313 917 1334 ==
944 1287 975 1346 T.
995 1289 1140 1361 dosystyla
1158 1293 1249 1346 Stev.

443 1407 476 1418 -
534 1384 536 1390 ’
620 1375 769 1432 A*D*H*
884 1399 912 1421 =
939 1377 970 1431 Τ.
989 1380 1145 1448 spectabilis
1162 1381 1250 1434 Host
1320 1426 1327 1434 .

443 1495 475 1506 ·-
621 1463 861 1519 A*ss*c*D*G*
877 1487 912 1510 --·
934 1464 966 1520 Τ.
984 1467 1077 1520 mollis
1089 1468 1283 1538 soliaapulosa
1301 1467 1426 1537 Spaob.

170 1559 172 1564 '
265 1557 352 1612 Simili
371 1555 557 1615 modoetiam
575 1553 633 1607 alia
649 1569 755 1624 genera
772 1555 890 1608 tractari
908 1572 989 1626 posse
1006 1574 1061 1610 non
1080 1558 1191 1624 dubito,
1223 1557 1245 1610 si
1264 1558 1414 1628 specimina
1431 1557 1513 1610 suffi-

265 1644 369 1699 cientia
387 1646 414 1698 in
433 1649 545 1712 praesto
565 1648 638 1695 sunt.

367 1732 524 1786 Secundum
541 1731 594 1784 hoc
613 1731 724 1784 schema
742 1745 893 1799 proponam
911 1729 939 1782 in
958 1733 1136 1800 sequentibus
1154 1733 1217 1786 illas
1234 1733 1417 1801 mutationes,
1441 1749 1512 1801 quas

194 1851 196 1855 ·
264 1821 319 1873 huo
336 1837 422 1888 usque
442 1819 527 1873 oculis
546 1819 662 1889 propriis
681 1817 756 1884 vidi,
785 1824 816 1871 et
842 1821 945 1872 addam
962 1835 1079 1890 paucas,
1106 1836 1221 1889 quarum
1239 1822 1298 1874 icon
1317 1827 1368 1875 aut
1385 1821 1514 1892 perfecta

266 1909 412 1978 descriptio
432 1906 598 1960 locationem
617 1907 759 1960 indicavit.
960 1899 962 1904 '

367 1997 428 2048 Non
447 1995 543 2048 studui
561 1996 692 2064 vulgares
710 1995 811 2048 formas
827 1995 929 2048 'ornare
948 1997 1026 2064 novis
1045 1996 1213 2060 nominibus,
1233 2000 1283 2050 sed
1304 1997 1401 2050 seriem
1420 2013 1514 2065 quan-

266 2085 330 2135 dam
349 2083 391 2136 ita
410 2084 555 2153 disponere
574 2088 690 2137 conatus
710 2099 788 2150 sum,
818 2089 851 2137 ut
878 2086 1023 2153 quaelibet
1050 2085 1138 2139 forma
1155 2086 1240 2139 locari
1268 2089 1298 2139 et
1316 2085 1409 2137 locata
1426 2083 1513 2137 facile

265 2168 383 2223 inveniri
400 2173 500 2238 possit.

369 2258 525 2327 Specimina
542 2259 719 2325 authentica,
738 2274 809 2327 quae
828 2259 887 2330 ipse
905 2260 980 2330 vidi,
1000 2267 1030 2314 et
1048 2261 1122 2316 locos
1143 2259 1266 2330 natales,
1285 2259 1313 2314 in
1333 2259 1431 2330 quibus
1449 2259 1512 2327 ipse

266 2345 409 2399 herbarius
425 2346 483 2410 fui,
514 2352 564 2400 aut
590 2350 665 2400 unde
684 2347 835 2417 specimina
852 2365 959 2403 mecum
982 2349 1156 2406 comunioata
1175 2354 1256 2418 sunt,
1275 2350 1355 2402 solito
1375 2348 1454 2416 signo
1474 2345 1511 2412 (l)
1597 2419 1598 2422 Ἴ

266 2439 331 2503 post
348 2436 438 2504 posito
457 2437 570 2489 notabo.

368 2521 401 2575 In
420 2524 629 2578 enumeratione
648 2523 795 2578 formarum
822 2540 876 2576 non
897 2523 1039 2594 distinguo
1066 2525 1141 2579 inter
1163 2523 1306 2580 individua
1323 2521 1463 2576 silvestria
1481 2527 1515 2574 et
1598 2568 1599 2608 ἶ

267 2609 365 2679 culta3
385 2611 531 2666 observavi
549 2610 620 2663 enim
639 2611 667 2664 in
686 2609 762 2664 silvis
781 2611 919 2665 montanis
943 2610 1048 2665 Tiliam
1067 2621 1244 2683 argenteam,
1264 2626 1428 2680 quamquam
1445 2625 1514 2662 vere

267 2697 425 2768 indigenam
449 2704 479 2752 et
505 2699 615 2752 unicam
632 2699 755 2768 regionis
781 2698 866 2769 hujus
889 2701 1001 2770 generis
1025 2702 1159 2772 speciem,
1187 2700 1281 2754 multis
1312 2697 1514 2754 variationibus

266 2786 416 2838 obnoxiam
434 2803 502 2840 esse.
520 2787 673 2840 Praeterea
690 2804 744 2839 non
763 2788 939 2841 haesitarunt
957 2796 1101 2854 auctores,
1120 2807 1206 2844 novas
1225 2785 1388 2842 comminisci
1406 2785 1515 2852 species

267 2872 294 2924 in
313 2873 477 2928 ambulacris
496 2875 572 2928 etin
599 2875 751 2942 herbariis,
783 2893 899 2946 quarum
928 2879 1101 2947 exemplaria
1119 2881 1276 2946 archetypa
1301 2874 1406 2929 frustra
1423 2889 1515 2941 quae-

268 2965 375 3014 runtur.
