3212 5100
802 453 819 494 J.
836 453 859 493 N.
881 453 972 506 beytr:
1439 434 1518 504 (1⁴2)

489 645 523 698 G.
542 643 763 698 Ramulorum
782 651 816 698 et
834 623 1048 716 petiolorum'
1065 649 1304 718 pubescentia.

373 765 482 819 Ramuli
517 765 656 820 hornotini
683 766 741 819 fere
777 785 885 836 semper
911 770 1018 824 habeut
1050 773 1168 822 eandem
1196 769 1404 840 pubescentium
1431 791 1517 844 quam

266 855 380 924 pssimi,
402 859 563 924 praeterea:

374 945 397 994 l.
417 941 604 996 Pubesoeutia
616 944 786 996 novellorum
798 946 964 998 ramulorum
978 962 1061 1015 saepe
1075 947 1185 1014 quidem
1198 949 1298 1014 densa,
1318 948 1404 1002 serius
1417 956 1514 1002 tamen

267 1031 385 1082 decidua
403 1035 462 1098 est,
481 1030 543 1098 pilis
566 1031 669 1098 sparsis
687 1047 884 1099 nonnunquam
903 1034 1124 1100 persistentibus.

217 1185 219 1188 Ι
372 1121 396 1173 2.
418 1121 583 1172 Tomentum
601 1134 741 1186 nunquam
759 1120 872 1188 penitus
892 1121 1055 1186 evanescit,
1083 1122 1135 1174 imo
1156 1129 1185 1174 et
1203 1121 1303 1175 ramuli
1322 1123 1387 1176 anni
1406 1126 1516 1192 peracti

265 1219 349 1275 saepe
369 1206 436 1258 illud
460 1211 581 1259 serrant.

373 1295 397 1347 3.
416 1292 529 1346 Romuli
549 1301 579 1348 et
596 1283 697 1365 petioli
720 1291 751 1346 T.
767 1294 937 1365 parvifolc'ac
958 1302 988 1349 et
1005 1299 1104 1366 alprat
1121 1296 1259 1350 rarissime
1277 1299 1439 1367 pubescunt.

371 1383 445 1451 Ergo
465 1381 565 1434 iterum
584 1397 712 1436 numerus
735 1381 838 1450 major,
868 1387 898 1434 et
922 1383 1083 1452 praeprimis
1107 1387 1241 1454 tempore
1255 1386 1384 1452 florendi,
1416 1390 1515 1441 obser-

264 1471 372 1523 vandus
391 1475 442 1522 est.

791 1575 825 1628 Η.
854 1575 983 1644 Stylus.

372 1695 472 1764 Stylus
490 1699 541 1746 aut
558 1699 635 1750 totus
653 1691 854 1761 glebam-imus,
884 1701 936 1748 aut
963 1711 1047 1764 supra
1073 1695 1152 1752 basin
1179 1702 1229 1750 aut
1245 1703 1323 1752 totus
1341 1699 1445 1767 pilosus
1465 1703 1513 1754 rel

264 1787 435 1836 tomentosus
455 1786 506 1834 est.
528 1781 709 1836 observanda
726 1789 813 1836 sunt:

372 1871 396 1921 l.
423 1869 520 1939 Stylus
548 1875 673 1938 tempore
690 1871 805 1926 florendi
828 1887 912 1940 saepe
931 1869 1104 1926 brevissimus
1123 1878 1152 1924 et
1174 1874 1356 1941 glaberrimus
1374 1880 1438 1942 post
1456 1891 1514 1928 an-

264 1958 358 2011 thesin
377 1973 574 2025 nonnunquam
595 1960 742 2026 elongatur
761 1966 791 2012 et
810 1977 893 2028 supra
912 1961 991 2013 basin
1010 1961 1146 2030 pubescit.
1159 1961 1182 2024 ¹)
1202 1961 1312 2029 Optime
1330 1963 1401 2014 haec
1420 1965 1514 2030 pube-

263 2045 373 2098 scentia
391 2044 493 2113 petalis
513 2048 592 2098 modo
612 2047 725 2111 decisis,
745 2052 776 2098 et
795 2046 823 2098 in
840 2047 914 2116 stylo
933 2048 1048 2100 exarido
1066 2049 1176 2100 revulso
1195 2049 1281 2100 oculis
1299 2048 1455 2116 percipitur.

371 2133 395 2185 2.
416 2135 494 2186 Haec
523 2149 590 2185 vero
621 2134 805 2202 pubescentia
835 2135 863 2186 in
890 2135 984 2186 multis
1012 2134 1173 2202 (praecipue
1198 2135 1357 2204 europaeis)
1388 2137 1512 2189 maxime

263 2218 405 2273 variabilis
424 2227 481 2284 ast,
510 2222 552 2274 ita
569 2221 695 2288 quidem,
722 2226 753 2273 ut
780 2222 808 2274 in
832 2237 887 2274 uno
907 2225 1058 2290 eodemque
1079 2221 1218 2277 individuo
1242 2220 1273 2274 Τ.
1288 2223 1460 2290 paroijolr'ac
1478 2230 1513 2277 et

267 2305 298 2360 Τ.
319 2307 511 2377 prmrdisoliua
529 2309 596 2377 styli
615 2308 794 2362 inveniantur
812 2309 873 2364 basi
890 2309 1050 2379 g'laberrimi
1070 2314 1100 2362 et
1111 2311 1209 2380 pilosi3
1228 2327 1313 2379 quare
1326 2312 1352 2364 in
1365 2313 1513 2366 schemate

263 2396 363 2448 iterum
382 2412 510 2450 numerus
529 2397 619 2465 major
636 2402 718 2450 tenet
735 2399 835 2451 locum.

786 2572 808 2630 1.
836 2571 994 2626 Fructus.

368 2693 461 2746 Nuces
470 2693 496 2758 ¹)
523 2692 655 2746 Tiliarum
677 2692 815 2745 rarissime
844 2697 909 2746 sunt
927 2711 992 2747 rere
1011 2694 1161 2762 globosae3
1190 2693 1323 2762 plurimae
1348 2693 1420 2746 enim
1442 2701 1512 2749 sunt

263 2782 463 2851 subglcbosae‚
483 2783 640 2852 oblongae,
659 2780 824 2848 oriformes‚
844 2781 1025 2835 oboriformes
1045 2787 1096 2834 aut
1115 2781 1277 2850 piril'ormes.
1314 2781 1347 2833 In
1364 2783 1512 2836 schemate

261 2866 348 2937 igitur
367 2869 445 2938 signo
464 2865 503 2922 1*
521 2873 632 2936 tantum
651 2885 734 2920 nuoes
753 2869 910 2922 indicantur
920 2909 927 2934 ,
949 2885 1064 2937 quarum
1081 2869 1217 2938 plurimae
1235 2885 1317 2924 rere
1335 2871 1511 2938 globosae

261 2970 311 3006 seu
330 2939 530 3022 sphaeroideae
550 2961 623 3009 sunt.

368 3043 512 3097 Juveniles
534 3063 618 3098 nuces
636 3062 730 3100 omnes
749 3045 845 3099 laeres
863 3051 944 3116 sunt,
962 3051 1088 3098 maturae
1102 3052 1133 3100 et
1144 3045 1299 3098 emarcidas
1317 3051 1512 3113 autemsaepe

260 3127 340 3182 lineis
360 3130 609 3200 longitudinalibus
639 3133 758 3186 elevatis
783 3136 829 3187 rel
862 3134 944 3188 costis
968 3135 1087 3202 quinque
1107 3133 1339 3204 prominentibus,
1368 3135 1510 3202 margines

260 3218 404 3271 ralrarum
422 3221 637 3287 mentientibus,
656 3220 868 3274 circumdentur.

369 3299 539 3376 Quamquam
557 3309 611 3362 hae
630 3316 727 3362 costae
746 3311 821 3361 haud
840 3325 923 3375 raro,
955 3309 1117 3378 praeprimis
1135 3309 1163 3362 in
1186 3305 1219 3363 Τ.
1241 3306 1427 3378 prmrdis‘olt'a,
1445 3323 1511 3360 ma-

260 3393 335 3446 xime
355 3396 517 3465 conspicuae
536 3397 610 3461 sint,
638 3399 679 3449 ita
708 3403 741 3448 ut
767 3413 785 3448 a
810 3396 904 3449 multis
923 3397 1082 3450 auctoribus
1110 3401 1145 3451 ad
1173 3397 1383 3452 constituendas
1402 3399 1511 3468 species

261 3487 502 3552 commendentur3
522 3491 617 3537 tamen
637 3485 785 3538 etiamnon
798 3485 884 3538 solum
903 3485 931 3538 in
953 3485 1067 3539 dirersis
1086 3485 1235 3539 individuis
1254 3489 1303 3538 sed
1321 3485 1397 3538 etin
1409 3489 1512 3538 eadem

260 3587 342 3641 cyma
357 3572 488 3638 variant,
510 3574 637 3641 exceptis
656 3572 821 3640 quibusdam
840 3573 950 3640 formis,
976 3590 1090 3642 quarum
1109 3590 1194 3626 nuces
1212 3573 1294 3626 costis
1313 3573 1367 3626 suis
1386 3571 1511 3626 acutatis

260 3675 369 3727 semper
387 3662 438 3712 sub
457 3661 549 3713 oculos
569 3662 681 3712 cadunt.

366 3748 389 3800 Ε
419 3747 620 3800 mutationibus
648 3751 776 3800 notarum
807 3749 956 3804 schematis
984 3766 1068 3820 supra
1089 3749 1222 3818 propositi
1249 3749 1354 3802 formae
1373 3748 1511 3804 Tiliarum

259 3852 356 3890 omnes
374 3841 527 3888 memoratu
545 3833 647 3904 dignae
660 3836 790 3890 oriuntur.
811 3839 916 3892 Eserie
933 3839 1030 3891 harum
1042 3839 1191 3891 formarum
1205 3839 1319 3892 dirersis
1338 3839 1510 3908 temporibus

260 3933 290 3978 et
308 3923 467 3996 adirersis
497 3923 657 3976 auctoribus
687 3924 753 3977 lrinc
781 3926 845 3980 inde
874 3929 1013 3995 quaedam
1043 3928 1166 3980 selectae
1195 3932 1226 3980 et
1249 3926 1403 3980 nominibus
1427 3927 1509 3980 noris

260 4021 360 4066 auctae
380 4017 453 4064 sunt.

338 4194 354 4258 ¹)
370 4199 465 4242 Barbatus
479 4203 587 4243 auctorum.
604 4220 627 4232 -
642 4199 706 4243 Barbu
721 4200 795 4245 Gran.
812 4205 832 4244 et
846 4201 921 4246 Godr.

336 4261 353 4326 ²)
368 4267 450 4320 Capsuls
466 4267 566 4320 drupama
580 4267 674 4320 llcync,
691 4269 812 4321 lrrneigerr.
827 4269 858 4312 lll.
874 4282 893 4324 p.
908 4266 941 4312 le.
